4085 7126
398 279 196 291 26

1534 368 1254 213 STATIRA,

404 558 2878 219 Et que mon propre bras à mon amour fatal,

404 694 2652 256 Perde voſtre Rivale, & ſerve mon Rival;

404 872 2991 268 Bien loin de le haïr, ſon amour vous outrage,

416 1039 2735 249 Et vous en ſoûpirez de douleur & de rage;

404 1211 2991 237 Faites mieux. Puniſſez qui vous oſe outrager,

416 1389 3014 232 Et donnez à mon bras le ſoin de vous vanger;

416 1543 3371 244 Vous l'aimez, & l’Ingrat peut-il en aimer d’autres?

416 1728 3341 207 Peut-on eſtre touché d'autres yeux que des voſtres?

422 1888 2854 237 Madame, ſi ce Prince adoroit vos attraits,

422 2066 3068 238 Tout mon Rival qu’il eſt, je luy pardonnerois;

422 2197 3472 308 Mais pour luy pardonner vous n’avez point d’excuſe,

410 2405 3068 237 Je luy veux arracher ce cœur qu’il vous refuſe,

434 2565 2872 267 Et pour voir aujourd’huy ſes crimes expiez,

434 2731 3151 250 Vous l’aporter ſanglant, & le mettre à vos pieds.

1712 2909 963 220 ROXANE.

434 3016 3318 291 Je ne veux point, Seigneur, de pareilles Victimes,

398 3242 3044 237 Un ſoûpir ſeul pouroit expier tous ſes crimes,

445 3408 3467 267 Vous m’aimez, je vous plains, je ne puis rien de plus.

451 3580 3413 256 à part. Ah Dieux! que Caſſander n’eſt il Leonatus,

463 3753 3098 243 Ou que Leonatus changeant de cœur & d’ame,

457 3919 3146 249 N’a-t-il de Caſſander les tranſports & la flame?

1343 4536 1731 285 SCENE V.

475 4792 3491 285 HESIONE, ROXANE, CASSANDER.

1682 5053 1053 267 HESIONE.

463 5089 399 427 M

880 5255 2610 267 Adame, Statira n’eſt plus dans le Palais,

493 5457 2860 202 On vient de l’enlever par des ordres ſecrets,

487 5617 3068 232 Pluſieurs Gardes gagnez ont fait cette ſurpriſe,

499 5801 3389 226 Mais on ne connoît point l'Autheur de l'entrepriſe.

1771 5956 999 231 ROXANE.

511 6086 3187 303 Il périra, le Traiſtre. Allons, ſortons, Seigneur,

529 6318 1034 374 Empeſchons....
