4085 7205
1117 324 1472 240 TRAGEDIE.

3382 461 229 168 17

120 576 3274 234 Mais d’où vient que Roxane à vos jours ſi fatale...

1357 762 985 246 STATIRA.

114 1008 3105 312 Pourquoy t’en étonner? Roxane eſt ma Rivale;

126 1212 2817 253 Sa rage, ſes chagrins, ſes fureurs, ſes refus,

114 1380 2667 247 Tout me dit que Roxane aime Leonatus.

120 1549 3105 258 Mais écoute, Cleone, il eſt temps de t’aprendre

108 1711 2955 240 Le ſecret & l’amour des Veuves d'Alexandre;

120 1873 3370 276 Mes feux, mes triſtes feux, ne ſont point criminels,

120 2047 3322 294 Quand j’adore apres luy le plus grand des Mortels,

126 2209 2649 270 Car ſi de l'Univers il n’eut eſté le Maître,

120 2371 2541 258 Le ſeul Leonatus eſtoit digne de l'eſtre.

114 2557 3310 282 Aprens donc mon amour, ma crainte, mes ennuis,

120 2719 2901 259 Et l’état pitoyable où mes jours ſont réduits.

120 2894 2853 240 Helas! te ſouvient-il de ce jour mémorable

120 3056 2487 240 Qui fit de Darius le deſtin déplorable?

114 3236 3075 228 Quand le monde ébranlé par ce premier revers

120 3398 3328 252 Commença de trembler nous voyant dans les fers;

114 3554 3346 270 Que dans le Champ d’Iſſus Aléxandre eut la gloire

114 3728 2823 240 D'honorer de nos fers ſa premiere victoire,

120 3890 3202 300 Nous attendions en pleurs le deſtin des Vaincus,

114 4064 2919 240 Lors qu'on nous annonça la mort de Darius:

120 4226 3129 289 De cent cris douloureux nos Tentes retentirent,

120 4389 3448 318 Les Vaincus, les Vainqueurs, cõme nous en gémirent,

126 4557 2493 264 Ma Mere évanoüye, avec Syſigambis,

126 4725 3051 270 Nous faiſoit redoubler nos ſanglots & nos cris,

126 4893 3370 300 Nous eſtions à leurs pieds dans ces triſtes allarmes,

126 5061 3298 288 Et pour les ſecourir nous n’avions que nos larmes.

114 5223 2685 264 Alexandre touché que par un faux raport

114 5397 2997 276 Nous eſtions allarmez pour cette feinte mort,

114 5565 3352 307 Voulut ſecher les pleurs qu'il nous faiſoit répandre,

114 5739 2547 265 Leonatus entra de la part d’Aléxandre,

120 5902 2853 276 Et ce Prince attendry de nos vives douleurs

120 6064 2973 372 D'un ſeul mot arreſta la ſource de nos pleurs.

2709 6328 366 288 B iij
