4085 7152
3524 411 155 226 21

1144 274 1438 316 TRAGEDIE.

554 1662 2755 537 ACTE III.

441 2336 2999 411 SCENE PREMIERE.

751 2860 2469 298 STATIRA, CLEONE.

1365 3224 990 214 STATIRA.

393 3170 316 543 C

966 3415 2707 268 LEONE, en cet inſtant, quel eſpoir m'eſt

1276 3611 554 197 permis?

948 3760 2749 268 Leonatus eſt ſeul contre mille Ennemis;

190 3909 2827 263 Preſſé de tous coſtez, à mille traits en bute,

190 4076 3239 280 Quel ſecours, ou quel Dieu peut retarder ſa chute?

196 4267 2899 220 Caſſander l'a trahy ſans-doute, & Perdiccas

184 4410 2946 286 M'enferme en ce Palais, & vole à ſon trépas;

172 4589 3167 256 Son bras & ſa valeur l’ont trop fait reconnoître,

184 4750 3227 280 On l'attaque, on le preſſe, il ſuccombe peut-eſtre;

166 4928 3179 251 Quelle horreur ſe répand dans mes ſens éperdus!

172 5089 3292 280 Mon Amant eſt Captif, ou peut-eſtre il n’eſt plus,

161 5250 2945 292 Son deſeſpoir marquoit ſa trop funeſte envie,

149 5411 2767 286 Il ne combatoit plus pour défendre ſa vie,

143 5584 2725 262 Et ſi-toſt qu’il a veu Perdiccas m'enlever,

143 5757 2665 280 Il a voulu la perdre, & non pas la ſauver.

137 5930 3411 292 Dieux! le nombre l'accable, & ç'en eſt fait ſans doute,

125 6103 3041 345 Voila ce qu'aujourd'huy ſa tendreſſe luy coûte;
