4085 7100
1562 384 1279 278 STATIRA,

485 439 225 253 4

1545 650 1355 190 PERDICCAS.

485 745 3268 260 Nos deſſeins ſont pareils ainſi que nos tendreſſes,

479 928 3469 249 Mais, Seigneur, il s’agit du cœur des deux Princeſſes,

467 1088 3475 261 Nous aimons l'un & l'autre, & peut-eſtre tous deux

473 1266 3298 272 Nous aurons meſme fort pour de ſemblables feux;

467 1437 2688 243 J'ay ſauvé Statira des fureurs de Roxane

467 1609 2670 237 En bute aux cruautez de la fiere Perſane,

473 1757 2836 254 Cette illuſtre Princeſſe auroit perdu le jour

461 1917 3085 272 Sans les ſoins empreſſez qu’elle doit à l’amour;

461 2094 2771 237 Nous devons penétrer quelle jàlouſe envie

473 2260 2783 248 L'a fait inceſſamment armer contre ſa vie,

467 2425 2789 243 Peut-eſtre qu’un Rival aimé de toutes deux

467 2597 2765 243 Leur a fait rejeter nos ſervices, nos vœux;

479 2757 2759 260 Starira malgré moy veut ſuivre Ptolomée,

479 2934 2789 219 Peut-eſtre ce Rival eſt-il dans ſon Armée?

467 3076 3292 290 Leonatus peut-eſtre, ah! Seigneur, j'en frémis....

1545 3295 1338 201 CASSANDER.

473 3413 2996 296 Oüy, c'eſt le plus mortel de tous vos Ennemis,

467 3615 2895 219 Leonatus, Seigneur, dans le party contraire

467 3774 3469 249 Sans-doute eſt ce Rival que leur cœur nous préfere?

1562 3958 1297 207 PERDICCAS.

455 4064 3286 302 Je ſçais trop, à ſon nom, & mes yeux me l'ont dit,

449 4277 2588 225 Que Statira ſoûpire, & Roxane rougit;

455 4437 2783 225 C’eſt aſſez pour tirer de fortes conjectures,

467 4609 3310 290 Penétrons leurs deſſeins pour prendre nos meſures,

455 4768 2653 278 Il faut a profondir ce miſtere en ce jour,

444 4934 2374 231 Icy la politique eſt unie à l’Amour.

479 5112 2717 224 Roxane vient, parlez, l'occaſion eſt belle,

444 5259 3297 302 Seigneur, je me retire, & vous laiſſe avecque elle.
