4085 7232
494 367 272 175 12

1665 325 1261 271 STATIRA,

530 566 3343 229 Et nous devons, vainqueurs de cent Peuples divers,

537 687 2624 247 Partager, & non pas déchirer l’Univers.

543 861 2944 259 Sur tant de Nations qui ſont fieres & braves,

537 1024 2980 289 De Maiſtres nous allons devenir les Eſclaves,

524 1199 3204 283 Et travaillant nous-meſme à nos propres débris,

537 1362 3083 259 Nous allons par nos bras vanger nos Ennemis.

530 1536 2704 253 Oüy, déja l'Indien, le Perſan & le Scyte,

524 1711 2722 265 S’apreſtent à briſer le joug qui les irrite,

530 1886 2607 235 Et ces Peuples vaincus à demy révoltez

530 2043 3011 253 Nous deſtinent déja les fers qu’ils ont portez.

537 2223 3077 253 Quand nous ſerons en proye à la guerre civile,

518 2374 2607 277 Un Ennemy défait en fera naître mille,

524 2555 3259 265 Qui joüiſſans du fruit de nos communs malheurs,

524 2730 3464 277 Vangerons les Vaincus aux deſpens des Vainqueurs,

530 2892 2830 253 Qui devenant alors victimes de leur gloire,

524 3073 2915 247 Se verront accablez par leur propre victoire;

530 3230 2686 253 Ainſi ſans nous flater de nos prétentions,

524 3411 2758 223 Donnons ordre au plutoſt à nos diviſions.

524 3585 2897 211 Philipe a-t-il d’un Roy la veritable marque?

518 3742 3476 289 Non, vous n'avez en luy que l’ombre d’un Monarque,

500 3905 3174 259 Un Maiſtre qui vous ſert formé de voſtre main,

524 4110 2867 211 Et vous faites mouvoir un Fantôme ſi vain.

512 4272 3011 205 L’Univers peut-il eſtre un Trône hereditaire?

518 4429 3307 247 La Victoire a des droits plus forts que ceux d'un

868 4598 417 229 Frere,

518 4742 3204 290 Et puis que par nos mains un Héros l’a conquis,

524 4953 3108 211 Aléxandre eſt le Pere, & nous ſommes les Fils.

530 5116 3030 253 Madame, on aura ſoin des intéreſts du voſtre,

530 5273 2939 241 l’intéreſt de Barſine eſt déja joint au noſtre,

530 5448 2499 247 Ainſi ſur cet article on poura décider;

537 5628 3306 229 Mais, Madame, il m’en reſte un autre à demander.

549 5785 2823 247 On tient dans ce Palais Starira priſonniere,

549 5954 3306 265 Qu’on luy rende aujourd'huy liberté toute entiere,

555 6123 3167 373 Tout le Camp la demande, & Ptolomée, & moy.
