4059 7006
1156 437 1442 193 TRAGEDIE.

3393 461 122 198 3

157 630 3335 193 Ce n’eſt donc point ce nom ou mon cœur doit pré¬

467 782 479 222 tendre,

151 928 3113 257 Seigneur, nous adorons les Veuves d’Aléxandre,

151 1115 2961 221 Pourquoy le taire encor? pourquoy diſſmuler?

163 1272 2687 222 Caſſander, il eſt temps d'agir & de parler;

151 1436 2389 204 J’adore Statira, vous adorez Roxane,

157 1611 2663 216 Et vous aimez en vain cette fiere Perſane,

151 1757 2897 198 J’aime en vain Statira, mais il faut découvrir

163 1920 2751 216 Nos Rivaux trop heureux, & les faire périr;

163 2078 2973 239 Il faur que noſtre adreſſe à nos forces réponde,

163 2236 3019 239 Maiſtres de Babylone, il faut l’eſtre du Monde;

163 2411 2622 227 En vain Leonatus prétend nous aſſieger,

169 2563 3276 227 Nous ſçaurons le combatre, & meſme nous vanger;

169 2732 3346 245 Pour gouverner l'Empire où nous devons prétendre,

163 2889 2798 228 Il faut nous aſſurer des Veuves d’Aléxandre,

169 3059 2815 239 Et fondez ſur des droits juſtes & ſouverains,

163 3222 2780 216 Partager ſon Empire & celuy des Humains.

1185 3409 1332 187 CASSANDER.

175 3532 2937 251 Ce procedé, Seigneur, me paroît trop ſincere,

163 3719 3294 233 Pour cacher plus longtemps ce que j’ay voulu taire?

175 3894 2955 222 Oüy, j’adore Roxane, & ſon cœur orgueilleux

169 4051 2756 216 Dédaigne mes ſoûpirs, & rejete mes vœux;

175 4203 2750 216 Fiere d’avoir un Fils auſſi-bien que Barſine,

175 4361 2803 233 Roxane à l’Univers pour Maiſtre le deſtine,

169 4524 2949 245 Sans ſonger que ce Fils né d’un ſang ennemy,

169 4688 2616 222 Le Fils d’une Perſane eſt Eſclave à demy,

181 4863 2984 204 Et que la Macédoine a des Peuples trop braves

169 5032 3031 204 Pour ſe faire des Roys du ſang de leurs Eſclaves;

169 5184 3200 245 Mais puis que nous voyons ces Trônes, ces Etats,

175 5342 2943 227 Payez de noſtre ſang, & conquis par nos bras,

169 5517 3200 227 Nous pouvons entre nous les partager ſans crime,

169 5674 2891 211 Puis qu’il n’a point laiſſé d’Heritier légitime,

157 5838 2856 198 Les armes à la main, nous ferons voir à tous

157 6001 3218 275 Qu'Aléxandre n’a point de Succeſſeurs que nous.

2686 6235 350 239 A ij
