4085 7083
1139 407 1417 242 TRAGEDIE.

3465 430 130 378 5

165 1823 295 301 N

1033 1068 1605 283 SCENE II.

141 1404 3412 295 ROXANE, CASSANDER, HESIONE.

1375 1729 962 230 ROXANE.

495 1900 2356 230 Ous ſommes inveſtis, déja Leonatus

147 2089 3406 224 Nous menace & nous compte au nõbre des Vaincus;

147 2248 3064 272 Mais avant que ſon Bras oſe rien entreprendre,

147 2414 3282 259 Il demande à nous voir, Seigneur, il faut l'entendre,

159 2567 2774 248 Il m'a fait demander un Oſtage, & je viens

147 2738 2786 284 D'envoyer Alcetas ſuivy de deux des miens,

159 2909 1853 248 Dans peu nous le verrons....

1210 3092 1363 213 CASSANDER.

1564 3258 1777 230 Hé! que voulez-vous faire?

153 3393 3028 242 Recevoir dans nos murs un mortel Adverſaire?

153 3565 2993 248 Vient-il nous menacer? & quel eſt ſon deſſein?

147 3730 2804 254 Laiſſez-nous luy parler les armes à la main,

153 3889 2119 248 Et Perdiccas & moy, Madame...

1422 4072 945 207 ROXANE.

2077 4232 1175 277 Il faut l’entendre,

165 4361 2999 284 Ce Prince redoutable eſt du ſang d’Alexandre,

165 4544 2993 254 On doit le reſpecter. Peut-eſtre en ce moment

159 4716 3123 259 Vient-il nous propoſer quelque accomodement.

147 4863 1954 266 Seigneur, j'ay mes deſſeins....

1145 5046 1405 248 CASSANDER.

1717 5223 1659 248 Et nous avons les noſtres,

141 5341 3341 301 Que nous ſçaurons régler, Madame, ſur les voſtres.

141 5536 3034 254 Alexandre n’eſt plus: Dans ce débris commun

147 5701 3040 248 Il laiſſe à l'Univers vingt Maiſtres au lieu d’un;

147 5861 3093 277 Vous en avez un Fils, vous luy devez un Trône,

147 6026 2627 425 Madame, çhoiſiſſez la Perſe & Babylone,

2650 6292 490 312 A iij
