4085 7152
1622 363 1264 310 STATIRA,

489 339 149 221 6

483 566 2981 298 Le Pont, la Macédoine, ou tant d'autres Païs

477 739 3303 304 Où nous pourions dans peu couronner voſtre fils;

465 911 2981 263 Mais il faut à ce Fils un Tuteur qui ſoûtienne

459 1084 2791 298 Toute voſtre grandeur unie avec la ſienne.

459 1257 2952 280 Voyez, examinez, s'il n’eſt point parmy nous

453 1418 3071 304 De Prince, ou de Héros qui ſoit digne de vous.

447 1585 1640 238 Ne pouvez-vous choiſir?

1735 1770 960 256 ROXANE.

1884 1966 1682 227 Hé qui pouroit prétendre

423 2074 3202 304 A remplir dans mon cœur la place d'Aléxandre?

435 2270 2868 245 Pourois-je m’abaiſſer à ſouffrir qu’en ce lieu

423 2431 3041 286 Un Mortel uſurpaſt le rang d'un Demy-Dieu?

1478 2622 1390 214 CASSANDER.

411 2747 3202 304 Hé! Madame, les Dieux que ce diſcours offence,

417 2944 3375 286 Par ces raiſons peut-eſtre ont haſté leur vangeance,

399 3111 2904 244 Irritez qu’un Mortel juſques ſur leurs Autels

393 3272 2952 274 S'oſaſt placer vivant au rang des Immortels;

387 3444 3095 269 Leur juſtice a fait voir que ce grand Alexandre,

393 3617 3179 292 Ce Fils de Jupiter, n’eſtoit qu’un peu de cendre,

387 3790 2940 244 Pardonnez un diſcours qui ſemble injurieux;

387 3975 2988 214 Mais icy Caſſander prend la cauſe des Dieux.

393 4136 3143 220 Ne l’avons-nous pas veu par ce nouveau caprice

375 4291 2845 256 Ayant de ſon orgueil la Fortune complice,

381 4458 3274 274 Rougir de paroiſtre Homme, & pour le démentir,

363 4624 2714 251 Deſavoüer le ſang dont on l'a veu ſortir?

369 4803 3274 251 Et ſans-doute qu’un jour ce Vainqueur teméraire

375 4982 2576 233 Auroit deſavoüé Jupiter pour ſon Pere,

375 5149 2248 191 Si ſon ambition avoit pû le flater

375 5310 3220 250 De trouver quelque Dieu plus grand que Jupiter.

1628 5489 948 220 ROXANE.

363 5614 3459 268 Vous ne le craignez plus, mais s’il vivoit, peut-eſtre

369 5822 3077 209 Vous ne parleriez pas ſi haut de voſtre Maiſtre,

375 5983 3185 239 Caſſander, & ſon nom vous auroit fait trembler,

357 6156 3185 340 lors qu’un de ſes regards vous pouvoir accabler.
