4085 7205
1123 366 1430 234 TRAGEDIE.

3382 348 210 300 21

1357 612 1021 180 STATIRA.

108 756 2835 228 Avec Leonatus qu’allez vous entreprendre,

120 948 678 222 Seigneur?

1153 1062 1394 222 CASSANDER.

786 1218 2716 241 Dans Babylone il doit bientoſt ſe rendre,

114 1410 2781 229 J’apuyray ſes deſſeins, & malgré Perdiccas

108 1585 3466 252 Dont j’ay depuis longtemps gagné tous les Soldats,

120 1783 2775 204 Qui ſuivant autrefois Antipater mon Pere,

108 1939 3238 198 Tous dévoüez à moy, m’ont promis de tout faire.

102 2089 2775 258 Je feray relever la Garde, & dans ce temps

114 2263 2847 210 Arbate qui commande à tous les Habitans,

114 2443 2583 204 Doit à Leonatus faire ouvrir une Porte,

120 2593 3226 246 Vous conduire en ſecret, & vous ſervit d’Eſcorte,

120 2761 2883 199 Voſtre Garde eſt à moy, mais il faut amuſer

102 2930 2907 216 Roxane & Perdiccas, & contre eux tout oſer.

102 3116 3262 204 Pour mieux les éboüir, je connois l'art de feindre,

102 3272 3099 234 Je les flate tous deux, & je ſçay me contraindre,

102 3434 3226 240 Mais ils pouront connoiſtre avant la fin du jour,

102 3614 3093 222 Madame, que je ſers ma haine & voſtre amour.

1351 3788 1003 198 STATIRA.

108 3932 3160 234 Ne vous étonnez pas, Seigneur, de ma ſurpriſe,

114 4100 2979 241 Caſſander eſt l’autheur d’une telle entrepriſe,

108 4268 1532 217 Un Amant de Roxane!

1153 4425 1388 234 CASSANDER.

1634 4617 1315 210 Un Amant outragé,

108 4761 3093 228 Oüy, Madame, un Amant qui veut eſtre vangé;

102 4935 3123 234 Ses mépris (devant vous j’avoûray ma foibleſſe)

96 5091 3430 240 Loin d’éteindre mes feux, augmentent ma tendreſſe;

96 5289 2493 216 J'en soûpire de rage, & vois Leonatus

108 5445 2607 216 Me dérober un cœur l’objet de ſes refus,

102 5607 3262 229 Et nous n’ignorons pas qu’en ce deſordre extréme

102 5776 2997 240 Il vous aime, il la hait, elle me hait, je l'aime;

108 5950 3009 246 Ainſi pour me vanger & pour mieux l’obtenir,

102 6142 2379 282 Avec Leonatus je ſçauray vous unir;
