4085 7152
1174 298 1473 232 TRAGEDIE.

3446 339 227 262 33

1121 959 1616 340 SCENE II.

322 1352 3268 287 PERDICCAS, STATIRA, CLEONE.

1401 1722 1002 209 STATIRA.

888 1704 203 405 S

1115 1877 2469 244 Eigneur, que venez-vous m’aprendre?

202 2062 2636 202 Avez-vous aſſouvy voſtre in juſte fureur?

202 2211 3477 244 Avez vous immolé, grands Dieux! mon Défenſeur,

214 2389 1777 221 Ce Héros qui pour moy....

1282 2616 1318 244 PERDICCAS.

1729 2848 1813 298 Vous le pleuriez, Madame,

214 3033 2892 262 Il eſt vivant. Je voy le plaiſir de voſtre ame,

214 3242 2809 226 Et que vous aſſurant de ſes jours, je prévois

202 3391 2922 226 Que vous m’écouterez pour la premiere fois.

214 3534 3316 280 Oüy dans l’heureux inſtant que je vous ay repriſe,

220 3742 2755 239 Et qu’il alloit payer ſa coupable entrepriſe,

202 3891 3036 245 Que tout couvert du ſang de qui l’environnoit,

190 4005 3495 321 J’ay connu mon Rival aux grãds coups qu'il dõnoit,

202 4237 2839 256 Madame, je luy dois rendre ce témoignage,

196 4398 3322 226 Tout mon Rival qu'il eſt, j’admirois ſon courage,

214 4577 2797 191 Et preſt à le combatre, helas! j’eſtois jaloux

202 4732 3250 256 Que tout autre que moy voulut mourir pour vous.

202 4917 3077 220 Mais Roxane en ces lieux par l’amour amenée,

196 5071 2803 227 A ſuivy le panchant dont elle eſt entraînée,

208 5250 3089 197 Et malgré mille traits s’eſtant miſe entre nous,

214 5411 2421 221 A dérobé ſa vie à mon juſte couroux;

208 5572 3149 239 Cependant pour ſes jours ne ſoyez plus en peine,

202 5763 3012 191 Ils ſont eu ſeûreté dans les mains de la Reyne.

208 5912 2946 208 Vous frémiſſez, Madame, & voſtre joye enfin

220 6079 2940 286 Se diſſipe & ſe change en un ſombre chagrin.
