4085 6931
1554 334 1178 203 PREFACE.

473 525 3340 260 d'Aléxandre, pour Amant de Starira; mais

439 716 3362 317 j'ay eu des raiſons aſſez fortes pour le faire.

479 981 3328 266 Leonatus estoit un Prince du ſang d'Alé¬

479 1189 3340 289 xandre, fort illuſtre par ſes exploits. Il

473 1432 3317 289 avoit commandé en chef pluſieurs fois les

473 1651 3323 307 Armées d'Alexandre; il luy avoit ſauvé la

468 1877 3356 340 vie dans la Ville des Oxydraques, & ce fuſt

462 2125 3334 295 luy qui fuſt envoyé apres la Bataille d’Iſſus

456 2333 3334 352 dans les Tentes des Princeſſes, pour les aſ¬

433 2616 3380 266 ſurer de la vie de Darius, qu'elles croyoient

450 2824 3351 318 mort. C'eſt dans cette entreveuë où j'ay fait

450 3061 3357 300 naître leur tendreſſe, & cet endroit a paru

456 3298 3345 294 aſſez beau, il partagea l’Empire du Monde

450 3523 3340 277 avec tous les Succeſſeurs d'Alexandre; &

456 3765 3340 330 quoy qu’il ne faſſe pas une grande figure

450 4002 3340 283 dans le Roman, il en fait une aſſez

439 4233 3362 295 grande dans l'Hiſtoire, & il me doit ſuffire

444 4458 3340 312 qu’il ſoit celebre dans Quinte-Curſe &

450 4701 3369 300 dans Juſtin. J’avouë que ſi j’avois meſlé

450 4949 3334 283 un peu plus de politique dans les ſentimens

456 5169 3351 294 de ſi grands Hommes, le Sujet n'en eut eſté

456 5417 3328 283 que mieux, mais quelquefois la tendreſſe

468 5654 3333 266 nous emporte plus loin qu’il ne faut. I'ay

468 5874 3316 340 changé quelques circonſtances en la mort de
