3962 7074
436 371 242 206 20

1491 371 1215 224 STATIRA,

418 624 2812 130 Le ſeul Leonatus qui veut briſer ma chaîne,

430 701 2759 236 Redouble de Roxane & l’amour & la haine,

436 872 2783 206 Et la force à la main, pour me tirer des fers,

424 1031 2848 206 Veut contre Perdiccas armer tout l’Univers.

424 1196 2777 242 Je tremble qu’il n'expoſe une ſi chere Teſte

436 1361 2682 224 A cent périls afreux où ſa valeur s’apreſte,

442 1520 3054 248 Et que pour me vanger, ou pour me conquérir,

448 1709 2600 236 Ce Héros ne ſe mette en danger de périr.

1715 1939 890 206 CLEONE.

442 2080 2193 248 Madame, Caſſander vient à nous.

1650 2340 991 247 STATIRA.

2552 2481 808 248 Ah! Cleone,

448 2652 796 254 Que veut-il?

1326 3242 1657 336 SCENE II.

666 3607 3007 289 CASSANDER, PEUCESTAS.

1585 3867 1103 235 STATIRA.

1491 4126 1333 236 CASSANDER.

1090 4144 177 424 J

1273 4309 2152 218 E le voy, mon abord vous étonne,

465 4468 3231 265 Mais je viens yous aprendre un projet important.

1650 4692 973 253 STATIRA.

459 4869 802 283 Quoy donc?

1509 5010 1326 248 CASSANDER.

1291 5276 2152 241 Leonatus, Madame, vous attend,

471 5470 3025 218 Un ſemblable intéreſt nous unit l’un & l'autre,

489 5623 2771 236 Il m’a dit ſon ſecret, & je connois le voſtre,

483 5788 2706 236 Il vous faut aujourd’huy rendre la liberté,

495 5959 2659 336 Et vous faire ſçavoir ce que j’ay concerté.
