4085 7048
1146 276 1422 270 TRAGEDIE.

3409 352 182 346 13

1381 681 987 200 ROXANE.

158 787 523 258 Statira?

1257 969 1235 252 LEONATUS.

781 1145 2381 246 Comme vous elle eſt Veuve du Roy.

164 1303 3303 288 Madame, comme vous elle eſt libre, elle eſt Reyne;

158 1491 3356 300 De plus, cent mille Bras viendront briſer ſa chaîne,

164 1644 2751 247 Si l'on nous la refuſe, & qu’on oſe arreſter

146 1791 2904 282 Une Reyne d’un ſang que l'on doit reſpecter.

1393 1991 928 217 ROXANE.

176 2126 1252 246 Ciel! qu’entens-je?

1240 2302 1287 235 PERDICCAS.

1105 2466 2198 247 Seigneur, vous ignorez peut-eſtre

158 2648 3280 241 Que nous parler ainſi c’eſt nous parler en Maiſtre,

158 2813 2692 270 Et vous devez agir avec moins de hauteur;

158 2977 3204 247 Attendez qu’un Combat vous rende le vainqueur.

158 3153 3174 265 Mais je veux vous ouvrir mon ame toute entiere,

158 3312 3139 270 Oüy, c’eſt moy qui retiens la Reyne priſonniere,

146 3482 2951 229 Mais ſçachez que les fers que j'oſe luy donner

141 3659 2756 223 Ne rattachent icy que pour l'y couronner.

1287 3817 1187 217 LEONATUS.

146 3958 1352 217 La couronner, vous?

1210 4140 1299 206 PERDICCAS.

1451 4311 1764 252 Moy. Je prétens & j'eſpere

152 4446 2998 270 Que cette main la place au Trône de ſon Pere.

1281 4651 1199 206 LEONATUS.

152 4780 3262 312 Mais la Reyne, Seigneur, ſuivant ce grand deſſein,

141 4974 3127 229 Voudra-t-elle d’un Trône offert de voſtre main?

1387 5139 958 217 ROXANE.

141 5286 3191 287 Et pourquoy non, Seigneur? Statira pouroit-elle

141 5462 2562 246 Refuſer une place où Perdiccas l'apelle?

1110 5638 1364 229 CASSANDER.

152 5796 2387 230 Madame, Statira feroit plutoſt refus

146 5961 2469 370 De l’Univers offert, que de Leonatus.

2962 6196 129 247 B
