4085 7057
1200 352 1489 271 TRAGEDIE.

3455 482 217 235 23

1424 676 1001 206 STATIRA.

1124 852 1989 300 Hé bien, évitons ſon couroux;

223 1023 3291 270 Mais ſongez bien, Seigneur, quoy que l'on entre¬

241 1211 3390 312 A ſauver une vie où j’atache la mienne, (prenne,

253 1381 2054 247 C’eſt vous en dire trop. Adieu.

994 2011 1778 282 SCENE III.

335 2328 3126 347 CASSANDER, PEUCESTAS.

1253 2699 1319 276 PEUCESTAS.

211 2981 2584 318 Allarme Statira, rend ſes deſirs confus;

2907 2911 512 223 Eonatus

206 3199 3413 311 Mais, Seigneur, vous devez bientoſt briſer ſa chaîne.

1277 3446 1336 270 CASSANDER.

217 3651 2737 306 Mon intéreſt eſt joint à celuy de la Reyne;

206 3851 3143 294 Voy donc ma politique, & connois mes deſſeins,

217 4022 2773 276 Peuceſtas, je la ſers, cependant je la plains;

217 4187 2673 247 Une telle entrepriſe aux yeux de ſa Rivale

223 4351 2826 283 Peut enfin eſtre heureuſe, ou devenir fatale;

217 4516 2914 282 Mais qu’elle réüſſiſſe, ou non, je me promets,

217 4687 2873 258 D'en avoir pour mes feux l’infaillible ſuccés.

217 4851 3073 271 Leonatus qui craint les ennuis d'un long Siege,

217 5016 3314 317 Voulant les prévenir, court de luy-meſme au piege,

223 5181 2584 235 Il le veut, je le ſers. Si le succés heureux

223 5351 2920 241 Luy donne ſa Princeſſe, il couronne mes feux;

217 5522 2837 276 S’il périt, mon Rival deviendra ma victime,

223 5686 2873 271 Et ſa propre valeur va m’épargner un crime;

223 5839 2643 271 Je hais Leonatus, il me fait de l’horreur,

217 6016 2861 347 Tu vois que de Roxane il m'enleve le cœur,

2613 2952 265 206 L
