3976 7048
1041 358 1435 211 TRAGEDIE.

3323 393 170 194 11

923 986 1811 282 SCENE IV.

194 1327 3182 282 PEUCESTAS, ROXANE, HESIONE.

1123 1650 1300 235 PEUCESTAS.

94 1703 247 393 L

382 1832 2570 241 Eonatus arrive, & Perdiccas l’emmeine;

99 2020 3312 235 Madame, ils ſont déja dans la Chambre prochaine,

105 2202 1635 229 Vous l’allez voir, il vient.

1311 2361 953 205 ROXANE.

1546 2496 1600 229 Ah quel trouble preſſant!

111 2684 3388 223 Cachons mieux, s’il ſe peut, ce que mon cœur reſſent.

970 3388 1647 253 SCENE V.

111 3664 3388 335 LEONATUS, PERDICCAS, ROXANE,

217 3923 3188 276 CASSANDER, HESIONE, GARDES.

1223 4311 1182 223 LEONATUS.

123 4293 300 423 A

464 4475 2823 223 Vant que de nous faire une ſanglante guerre

117 4669 3135 199 Dont les grands intéreſts arment toute la Terre,

123 4822 3323 217 Madame, & vous Seigneurs, nous devons balancer

141 4980 2782 212 Ce qui peut la finir, loin de la commencer.

247 5139 3123 252 Avant que noſtre Armée oſe rien entreprendre,

123 5291 3117 247 Nous devons ce reſpect aux manes d'Alexandre,

123 5473 2506 224 De ne pas renverſer un Etat ſi puiſſant

129 5626 2741 241 Que ſon Bras a rendu ſuperbe & floriſſant.

129 5802 3058 247 Il faut qu’un grand deſſein ſur l’équité ſe fonde,

152 5967 2712 346 Il s’agit du deſtin de l’Empire du Monde,
