4085 7126
1629 255 1231 261 STATIRA,

475 380 244 207 24

481 486 2997 244 Et quoy qu’enfin le ſien pour Statira ſoûpire,

487 641 3152 237 De l'amour de Roxane il ne faut pas l'inſtruire,

505 825 2937 232 Il l'ignore, & je veux qu’il l’ignore toûjours,

511 920 3449 344 Ou qu’il n’en ſoit inſtruit qu’aux deſpẽs de ſes jours;

511 1134 3258 267 Mais Roxane qui craint le pouvoir de mon Pere,

511 1306 2937 267 Qui ſçait qu’Antipater peut ſervir ma colere,

517 1484 2902 255 Que ſon Armée avance, a connu que tantôt

505 1638 2711 268 Son eſprit irrité m’avoit parlé trop haut.

505 1823 3306 231 Dieux! ſi ſon cœur pouvoit.... La voicy, la cruelle,

517 1965 3455 279 Cours prendre garde à tout, & me laiſſe avecque elle.

1325 2571 1826 315 SCENE IV.

755 2951 2919 326 ROXANE, CASSANDER.

1766 3331 963 231 ROXANE.

749 3485 3234 268 E vous cherchois, Seigneur, vous en eſtes ſurpris,

523 3450 184 368 J

558 3681 3098 244 Mais nous devons quiter l’aigreur & le mépris,

552 3842 3027 261 Nos eſprits inquiets en avoient l’un & l'autre,

552 3996 3289 279 Mon cœur en eſtoit plein auſſi-bien que le voſtre,

541 4180 3026 249 Dans un péril preſſant nous devons les banir,

558 4340 2831 262 Et de grands intéreſts nous doivent réünir,

558 4530 2652 250 Je rends à vos vertus un tribut légitime,

552 4691 2872 273 Voyons, ſi vous voulez mériter mon eſtime.

1611 4934 1356 214 CASSANDER.

570 5184 2777 285 Je feray tout, Madame, & pour la mériter,

588 5397 940 280 Que faut-il....

1855 5510 945 238 ROXANE.

1504 5682 1962 262 Un deſſein qu’il faut exécuter.

618 5873 2795 267 Le fier Leonatus nous brave, nous menace,

612 6039 2468 338 Et déja Ptolomée aſſiege cette Place,
