<?xml version="1.0" encoding="UTF-8"?>
<alto xmlns:xsi="http://www.w3.org/2001/XMLSchema-instance"
      xmlns="http://www.loc.gov/standards/alto/ns-v4#"
      xsi:schemaLocation="http://www.loc.gov/standards/alto/ns-v4# http://www.loc.gov/standards/alto/v4/alto-4-2.xsd">
  <Description>
    <MeasurementUnit>pixel</MeasurementUnit>
    <sourceImageInformation>
      <fileName>Pradon1680_Statira_cb311463583_corrected_0015.png</fileName>
    </sourceImageInformation>
  </Description>
  <Tags>
    <OtherTag ID="BT7" LABEL="CustomZone" DESCRIPTION="block type CustomZone"/><OtherTag ID="BT8" LABEL="DamageZone" DESCRIPTION="block type DamageZone"/><OtherTag ID="BT9" LABEL="DigitizationArtefactZone" DESCRIPTION="block type DigitizationArtefactZone"/><OtherTag ID="BT10" LABEL="DropCapitalZone" DESCRIPTION="block type DropCapitalZone"/><OtherTag ID="BT11" LABEL="GraphicZone" DESCRIPTION="block type GraphicZone"/><OtherTag ID="BT12" LABEL="MainZone" DESCRIPTION="block type MainZone"/><OtherTag ID="BT13" LABEL="MarginTextZone" DESCRIPTION="block type MarginTextZone"/><OtherTag ID="BT14" LABEL="MusicZone" DESCRIPTION="block type MusicZone"/><OtherTag ID="BT15" LABEL="NumberingZone" DESCRIPTION="block type NumberingZone"/><OtherTag ID="BT17" LABEL="QuireMarksZone" DESCRIPTION="block type QuireMarksZone"/><OtherTag ID="BT18" LABEL="RunningTitleZone" DESCRIPTION="block type RunningTitleZone"/><OtherTag ID="BT19" LABEL="SealZone" DESCRIPTION="block type SealZone"/><OtherTag ID="BT20" LABEL="StampZone" DESCRIPTION="block type StampZone"/><OtherTag ID="BT21" LABEL="TableZone" DESCRIPTION="block type TableZone"/><OtherTag ID="BT22" LABEL="TitlePageZone" DESCRIPTION="block type TitlePageZone"/><OtherTag ID="BT273" LABEL="Title" DESCRIPTION="block type Title"/><OtherTag ID="BT274" LABEL="Stamp" DESCRIPTION="block type Stamp"/><OtherTag ID="BT275" LABEL="Decoration" DESCRIPTION="block type Decoration"/><OtherTag ID="BT276" LABEL="DropCapital" DESCRIPTION="block type DropCapital"/><OtherTag ID="BT277" LABEL="Main" DESCRIPTION="block type Main"/><OtherTag ID="BT278" LABEL="Damage" DESCRIPTION="block type Damage"/><OtherTag ID="BT279" LABEL="RunningTitle" DESCRIPTION="block type RunningTitle"/><OtherTag ID="BT280" LABEL="Signatures" DESCRIPTION="block type Signatures"/><OtherTag ID="BT281" LABEL="Numbering" DESCRIPTION="block type Numbering"/><OtherTag ID="BT282" LABEL="Margin" DESCRIPTION="block type Margin"/>
    <OtherTag ID="LT7" LABEL="CustomLine" DESCRIPTION="line type CustomLine"/><OtherTag ID="LT8" LABEL="DefaultLine" DESCRIPTION="line type DefaultLine"/><OtherTag ID="LT9" LABEL="DropCapitalLine" DESCRIPTION="line type DropCapitalLine"/><OtherTag ID="LT10" LABEL="HeadingLine" DESCRIPTION="line type HeadingLine"/><OtherTag ID="LT11" LABEL="InterlinearLine" DESCRIPTION="line type InterlinearLine"/><OtherTag ID="LT12" LABEL="MusicLine" DESCRIPTION="line type MusicLine"/><OtherTag ID="LT198" LABEL="Default" DESCRIPTION="line type Default"/>
  </Tags>
  <Layout>
    <Page WIDTH="4085"
          HEIGHT="6956"
          PHYSICAL_IMG_NR="1"
          ID="eSc_dummypage_">
      <PrintSpace HPOS="0"
                  VPOS="0"
                  WIDTH="4085"
                  HEIGHT="6956">
        <TextBlock HPOS="229.0"
                   VPOS="1308.0"
                   WIDTH="3546.0"
                   HEIGHT="4888.0"
                   ID="eSc_textblock_ee8e525e"
                   TAGREFS="BT277">
          <Shape><Polygon POINTS="229 1308 253 6196 3764 6116 3775 1308"/></Shape>
          <TextLine ID="tl_1"
                    TAGREFS="LT198"
                    BASELINE="806 1800 3130 1728" 
                    HPOS="783"
                    VPOS="1408"
                    WIDTH="2344"
                    HEIGHT="446">
            <Shape><Polygon POINTS="800 1796 800 1854 1003 1831 1148 1849 1241 1854 1305 1825 1433 1837 1705 1854 1781 1808 1943 1849 1967 1849 1967 1843 2007 1802 2384 1831 2466 1791 2924 1820 3086 1808 3086 1802 3127 1762 3110 1437 3052 1414 3040 1414 2756 1449 2628 1414 2605 1414 2605 1420 2558 1460 2326 1460 2233 1408 2210 1408 2065 1454 1955 1414 1938 1414 1740 1483 1578 1449 1566 1449 1404 1489 1247 1437 783 1443 800 1796"/></Shape>
	    <String CONTENT="PREFACE."
                    HPOS="783"
                    VPOS="1408"
                    WIDTH="2344"
                    HEIGHT="446"></String>
          </TextLine>
          <TextLine ID="tl_2"
                    TAGREFS="LT9"
                    BASELINE="1282 2304 1420 2304 1856 2308 2104 2305 2716 2288 3039 2280 3627 2275" 
                    HPOS="1270"
                    VPOS="2075"
                    WIDTH="2356"
                    HEIGHT="266">
            <Shape><Polygon POINTS="1276 2301 1276 2341 3417 2341 3417 2336 3620 2301 3626 2272 3609 2075 3348 2127 3115 2086 3063 2081 3057 2081 3052 2081 3028 2092 2918 2138 2593 2138 2524 2104 2495 2092 2489 2092 2483 2092 2477 2092 2437 2109 2361 2138 2338 2109 2332 2109 2332 2104 2326 2104 2321 2104 2123 2092 2117 2092 1880 2127 1688 2156 1439 2156 1410 2138 1357 2109 1351 2109 1346 2109 1340 2109 1270 2133 1276 2301"/></Shape>
	    <String CONTENT="A mort de Statira cauſée par"
                    HPOS="1270"
                    VPOS="2075"
                    WIDTH="2356"
                    HEIGHT="266"></String>
          </TextLine>
          <TextLine ID="tl_3"
                    TAGREFS="LT198"
                    BASELINE="1273 2540 1411 2539 2011 2534 2247 2535 2611 2534 2940 2565 3188 2575 3615 2503" 
                    HPOS="1264"
                    VPOS="2301"
                    WIDTH="2350"
                    HEIGHT="336">
            <Shape><Polygon POINTS="1270 2538 1270 2585 1334 2585 1375 2625 1375 2631 1386 2631 1392 2637 1473 2637 1473 2631 1485 2631 1485 2625 1526 2585 1595 2625 1624 2625 1671 2585 1804 2620 1822 2620 1920 2573 2199 2602 2199 2596 2245 2562 2547 2585 2616 2550 2628 2550 2831 2596 3290 2585 3609 2521 3614 2498 3597 2336 3388 2301 3237 2353 3168 2307 3144 2307 3069 2336 3017 2365 2483 2370 2402 2341 2384 2336 2367 2336 2344 2341 2257 2376 2222 2341 2210 2336 2210 2330 2187 2330 2135 2341 2059 2365 1938 2336 1920 2336 1816 2382 1729 2347 1711 2341 1694 2341 1537 2394 1264 2353 1270 2538"/></Shape>
	    <String CONTENT="la jalouſie de Roxane, eſt aſſez"
                    HPOS="1264"
                    VPOS="2301"
                    WIDTH="2350"
                    HEIGHT="336"></String>
          </TextLine>
          <TextLine ID="tl_4"
                    TAGREFS="LT198"
                    BASELINE="1269 2776 1914 2776 2342 2762 3191 2777 3622 2735" 
                    HPOS="1259"
                    VPOS="2562"
                    WIDTH="2361"
                    HEIGHT="266">
            <Shape><Polygon POINTS="1264 2770 1264 2793 1984 2828 2367 2782 2495 2817 2512 2817 2611 2788 2651 2822 2674 2822 2779 2793 2912 2822 2924 2822 2999 2788 3319 2817 3319 2811 3353 2776 3620 2770 3620 2730 3603 2562 3272 2573 3237 2608 2738 2608 2669 2573 2651 2567 2425 2567 2413 2579 2367 2608 2152 2608 2123 2585 2106 2567 2083 2567 1949 2602 1891 2591 1827 2573 1804 2573 1752 2614 1601 2573 1578 2573 1555 2596 1526 2614 1259 2602 1264 2770"/></Shape>
	    <String CONTENT="marquée dans Plutarque, pour"
                    HPOS="1259"
                    VPOS="2562"
                    WIDTH="2361"
                    HEIGHT="266"></String>
          </TextLine>
          <TextLine ID="eSc_line_e9595f5d"
                    TAGREFS="LT9"
                    BASELINE="436 2960 1090 2960" 
                    HPOS="435"
                    VPOS="2822"
                    WIDTH="650"
                    HEIGHT="261">
            <Shape><Polygon POINTS="435 2956 435 3083 1085 3072 1085 2956 1079 2869 655 2886 597 2834 591 2828 591 2822 586 2822 580 2822 435 2822 435 2956"/></Shape>
	    <String CONTENT="L"
                    HPOS="435"
                    VPOS="2822"
                    WIDTH="650"
                    HEIGHT="261"></String>
          </TextLine>
          <TextLine ID="tl_5"
                    TAGREFS="LT198"
                    BASELINE="1232 3073 1630 3016 1822 3009 2270 2999 2766 2992 3610 2979" 
                    HPOS="1218"
                    VPOS="2753"
                    WIDTH="2391"
                    HEIGHT="359">
            <Shape><Polygon POINTS="3359 2759 3342 2759 3208 2811 3203 2817 2988 2817 2947 2782 2930 2782 2564 2828 2425 2788 2402 2788 2326 2834 2233 2799 2210 2799 2158 2840 2112 2799 1903 2805 1903 2811 1862 2851 1781 2811 1763 2811 1642 2863 1357 2822 1218 2869 1230 3112 1450 3095 1450 3089 1456 3089 1485 3049 1792 3043 1885 3089 1897 3089 1943 3083 2233 3020 2616 3020 2657 3054 2686 3054 2750 3008 2912 3037 2953 3037 3034 3014 3063 3043 3075 3043 3081 3049 3214 3049 3214 3043 3226 3043 3226 3037 3249 3020 3272 2996 3307 3020 3342 3037 3603 3002 3609 2973 3597 2799 3388 2753 3359 2759"/></Shape>
	    <String CONTENT="faire le ſujet d&#x27;une Tragédie;"
                    HPOS="1218"
                    VPOS="2753"
                    WIDTH="2391"
                    HEIGHT="359"></String>
          </TextLine>
          <TextLine ID="tl_6"
                    TAGREFS="LT198"
                    BASELINE="307 3278 493 3278 653 3262 1361 3244 1597 3244 2229 3231 2481 3228 2839 3227 3317 3212 3633 3191" 
                    HPOS="295"
                    VPOS="3025"
                    WIDTH="3337"
                    HEIGHT="302">
            <Shape><Polygon POINTS="301 3275 301 3327 812 3286 957 3327 980 3327 1003 3309 1061 3275 1264 3275 1444 3298 1491 3298 1624 3269 1676 3309 1694 3309 1990 3263 2170 3292 2216 3269 2233 3257 2239 3269 2262 3286 2262 3292 2274 3292 2280 3298 2431 3298 2431 3292 2442 3292 2477 3257 3185 3275 3185 3269 3220 3240 3411 3269 3626 3217 3632 3188 3614 3025 2680 3078 2576 3078 2553 3054 2524 3031 2500 3031 2379 3060 2262 3037 2245 3037 2181 3089 1926 3095 1822 3095 1810 3078 1781 3054 1781 3049 1763 3049 1624 3078 1479 3054 1462 3054 1462 3060 1421 3101 1334 3095 1044 3066 1027 3066 963 3107 945 3112 324 3083 295 3107 301 3275"/></Shape>
	    <String CONTENT="&amp; le caractere de Roxane eſt trop connu par"
                    HPOS="295"
                    VPOS="3025"
                    WIDTH="3337"
                    HEIGHT="302"></String>
          </TextLine>
          <TextLine ID="tl_7"
                    TAGREFS="LT198"
                    BASELINE="262 3546 517 3496 892 3487 1229 3485 1761 3482 2424 3461 2812 3455 3400 3431 3616 3428" 
                    HPOS="249"
                    VPOS="3217"
                    WIDTH="3365"
                    HEIGHT="371">
            <Shape><Polygon POINTS="261 3541 266 3588 440 3541 1166 3553 1357 3553 1543 3506 1781 3530 1909 3535 1955 3518 2019 3501 2193 3512 2361 3518 2454 3477 2599 3506 2814 3466 2831 3483 2849 3495 2849 3501 2860 3501 2866 3506 2994 3506 2994 3501 3005 3501 3040 3477 3057 3460 3232 3489 3609 3449 3614 3425 3603 3257 3545 3217 3522 3217 3359 3280 3324 3280 2994 3234 2976 3234 2976 3240 2970 3240 2930 3292 2930 3298 2703 3298 2547 3251 2529 3251 2379 3309 2123 3292 2048 3321 2030 3321 1909 3286 1891 3286 1816 3321 1717 3298 1694 3298 1647 3333 1427 3315 1334 3350 1073 3350 1009 3298 992 3298 754 3333 417 3315 249 3367 261 3541"/></Shape>
	    <String CONTENT="ſes cruautez, pour pouvoir rien altérer de"
                    HPOS="249"
                    VPOS="3217"
                    WIDTH="3365"
                    HEIGHT="371"></String>
          </TextLine>
          <TextLine ID="tl_8"
                    TAGREFS="LT198"
                    BASELINE="306 3726 456 3721 1020 3716 1516 3709 1938 3713 2256 3695 2484 3697 2579 3674 2804 3687 3015 3676 3619 3639" 
                    HPOS="295"
                    VPOS="3460"
                    WIDTH="3319"
                    HEIGHT="331">
            <Shape><Polygon POINTS="301 3721 301 3779 1021 3738 1096 3762 1143 3767 1253 3738 1334 3791 2094 3773 2274 3709 2321 3727 2379 3744 2390 3744 2593 3698 2738 3750 2756 3750 2831 3715 2901 3750 2924 3750 2994 3704 3214 3704 3266 3744 3290 3744 3440 3692 3469 3686 3603 3686 3614 3634 3597 3501 3469 3506 3458 3501 3411 3460 3272 3460 3046 3518 2872 3472 2849 3472 2849 3477 2808 3518 2756 3477 2640 3477 2408 3518 2321 3541 1624 3547 1468 3506 1444 3506 1392 3553 1270 3512 1247 3512 1195 3547 1154 3570 1085 3570 1067 3547 1038 3524 1038 3518 1021 3518 615 3576 580 3559 551 3535 295 3559 301 3721"/></Shape>
	    <String CONTENT="la verité. Ainſi quoy que Mr de la Calpre¬"
                    HPOS="295"
                    VPOS="3460"
                    WIDTH="3319"
                    HEIGHT="331"></String>
          </TextLine>
          <TextLine ID="tl_9"
                    TAGREFS="LT198"
                    BASELINE="310 3954 495 3952 659 3950 1059 3952 1335 3945 2151 3932 3267 3908 3635 3887" 
                    HPOS="301"
                    VPOS="3692"
                    WIDTH="3331"
                    HEIGHT="336">
            <Shape><Polygon POINTS="307 3953 307 3988 586 4028 905 3976 922 3976 1096 4017 1288 3970 1311 3970 1468 4005 1671 3964 1688 3964 1822 3988 1839 3988 1868 3959 1880 3959 2030 3988 2042 3988 2141 3953 2164 3953 2344 3993 2796 3941 2825 3941 2918 3982 2941 3982 2999 3935 3040 3935 3400 3970 3452 3930 3493 3964 3516 3964 3632 3924 3626 3733 3527 3692 3516 3692 3284 3738 3214 3756 2878 3756 2785 3709 2762 3709 2762 3715 2721 3750 2709 3756 2442 3715 2425 3715 2361 3756 2338 3767 2088 3721 2071 3721 2001 3779 1746 3779 1723 3767 1688 3738 1659 3738 1618 3773 1462 3744 1450 3744 1317 3785 1189 3738 1172 3738 963 3791 881 3785 586 3750 504 3791 487 3796 301 3796 307 3953"/></Shape>
	    <String CONTENT="nede dans ſon Roman de Caſſandre, ait fait"
                    HPOS="301"
                    VPOS="3692"
                    WIDTH="3331"
                    HEIGHT="336"></String>
          </TextLine>
          <TextLine ID="tl_10"
                    TAGREFS="LT198"
                    BASELINE="317 4186 926 4182 1547 4201 1746 4174 2127 4229 2414 4157 2694 4148 3290 4144 3538 4128 3614 4100" 
                    HPOS="307"
                    VPOS="3959"
                    WIDTH="3302"
                    HEIGHT="284">
            <Shape><Polygon POINTS="313 4185 313 4214 829 4202 841 4208 881 4243 899 4243 1056 4214 1143 4243 1154 4243 1351 4208 1653 4237 1769 4196 1787 4196 2106 4237 2344 4185 2408 4185 2727 4208 2791 4179 2802 4179 2872 4214 2883 4214 3208 4173 3301 4225 3324 4225 3324 4219 3377 4173 3609 4173 3609 4098 3585 3959 3237 3959 3237 3964 3232 3964 3191 3999 2918 3970 2814 3964 2802 3976 2738 4017 2413 3982 2373 3982 2030 4017 1938 3970 1920 3970 1816 4022 1375 4022 1351 4005 1270 3970 1247 3970 1172 4028 1032 3993 1009 3993 986 4017 963 4034 736 4034 719 4022 609 3976 597 3976 307 4028 313 4185"/></Shape>
	    <String CONTENT="revivre Statira, je n’ay pas crú, devoir ſui¬"
                    HPOS="307"
                    VPOS="3959"
                    WIDTH="3302"
                    HEIGHT="284"></String>
          </TextLine>
          <TextLine ID="tl_11"
                    TAGREFS="LT198"
                    BASELINE="332 4414 602 4419 886 4419 1638 4428 1902 4404 2386 4389 2649 4378 3193 4370 3621 4352" 
                    HPOS="324"
                    VPOS="4185"
                    WIDTH="3296"
                    HEIGHT="290">
            <Shape><Polygon POINTS="2181 4214 2123 4225 2106 4219 2106 4225 2007 4243 1978 4225 1955 4202 1676 4214 1676 4219 1671 4225 1642 4248 1468 4214 1456 4214 1381 4254 841 4260 736 4219 719 4219 557 4266 324 4225 330 4434 736 4475 893 4434 1410 4463 1740 4428 1816 4457 1839 4457 1885 4422 2175 4451 2355 4411 2413 4434 2425 4434 3191 4399 3237 4434 3255 4434 3620 4388 3620 4347 3609 4225 3168 4185 3156 4185 3081 4225 3057 4231 2970 4190 2953 4190 2866 4225 2849 4225 2756 4190 2744 4190 2495 4225 2338 4243 2280 4225 2228 4202 2181 4214"/></Shape>
	    <String CONTENT="vre ſon exemple, les regles du Poëme Dra¬"
                    HPOS="324"
                    VPOS="4185"
                    WIDTH="3296"
                    HEIGHT="290"></String>
          </TextLine>
          <TextLine ID="tl_12"
                    TAGREFS="LT198"
                    BASELINE="320 4646 937 4646 1457 4638 1841 4633 2517 4615 2889 4606 3349 4603 3641 4591" 
                    HPOS="313"
                    VPOS="4417"
                    WIDTH="3325"
                    HEIGHT="318">
            <Shape><Polygon POINTS="319 4643 324 4712 417 4683 446 4712 452 4712 452 4718 475 4718 504 4712 562 4689 655 4735 1508 4724 1920 4660 1978 4672 2123 4712 2146 4712 2146 4706 2187 4672 2199 4654 2303 4654 2686 4706 2703 4706 2773 4648 2843 4677 2854 4677 2999 4648 3017 4648 3098 4683 3115 4683 3255 4637 3638 4631 3638 4590 3626 4417 3475 4417 3475 4422 3423 4463 3156 4422 3104 4422 3028 4475 2820 4475 2762 4434 2733 4434 2640 4480 2286 4480 2152 4440 2129 4440 2094 4475 2030 4451 1990 4451 1862 4486 1613 4446 1497 4492 1398 4451 1375 4451 1317 4492 1224 4475 1119 4451 1108 4451 1056 4475 1009 4504 771 4504 696 4463 678 4463 591 4486 539 4504 464 4463 452 4463 313 4492 319 4643"/></Shape>
	    <String CONTENT="matique eſtant plus auſteres que celles du"
                    HPOS="313"
                    VPOS="4417"
                    WIDTH="3325"
                    HEIGHT="318"></String>
          </TextLine>
          <TextLine ID="tl_13"
                    TAGREFS="LT198"
                    BASELINE="338 4886 452 4886 973 4905 1336 4872 1968 4863 2726 4862 2988 4841 3624 4863" 
                    HPOS="330"
                    VPOS="4660"
                    WIDTH="3290"
                    HEIGHT="272">
            <Shape><Polygon POINTS="336 4880 336 4932 580 4903 1508 4932 1543 4898 1729 4892 1775 4921 1792 4921 1984 4880 2019 4903 2019 4909 2419 4880 2663 4932 2680 4932 2750 4880 3028 4921 3046 4921 3092 4886 3104 4880 3614 4880 3620 4857 3614 4718 3440 4660 3075 4660 3028 4689 2999 4666 2999 4660 2820 4660 2744 4712 2698 4672 2698 4666 2164 4706 2100 4660 2071 4660 1978 4718 1363 4718 1218 4677 1195 4677 1131 4724 330 4724 336 4880"/></Shape>
	    <String CONTENT="Roman, qui permet beaucoup de fiction,"
                    HPOS="330"
                    VPOS="4660"
                    WIDTH="3290"
                    HEIGHT="272"></String>
          </TextLine>
          <TextLine ID="tl_14"
                    TAGREFS="LT198"
                    BASELINE="322 5178 832 5112 1376 5104 2096 5093 2292 5091 2675 5069 3103 5075 3491 5061 3623 5068" 
                    HPOS="307"
                    VPOS="4851"
                    WIDTH="3313"
                    HEIGHT="371">
            <Shape><Polygon POINTS="319 5176 330 5217 382 5182 470 5222 481 5222 806 5153 1711 5153 1740 5124 1822 5159 1833 5159 2112 5112 2431 5153 2640 5106 2744 5141 2762 5141 2907 5101 2930 5124 2936 5124 2936 5130 2953 5130 3614 5095 3620 5066 3603 4863 3261 4892 3144 4851 3133 4851 2959 4874 2715 4915 2558 4886 2477 4874 2460 4874 2437 4892 2373 4927 2216 4886 2199 4886 2094 4932 1990 4892 1972 4892 1862 4927 1827 4909 1816 4898 1792 4898 1705 4944 1526 4915 1497 4915 1410 4961 1073 4961 1032 4927 1015 4927 667 4938 551 4979 481 4944 307 4944 319 5176"/></Shape>
	    <String CONTENT="quand l’autre s’attache le plus qu’il peut à"
                    HPOS="307"
                    VPOS="4851"
                    WIDTH="3313"
                    HEIGHT="371"></String>
          </TextLine>
          <TextLine ID="tl_15"
                    TAGREFS="LT198"
                    BASELINE="325 5346 467 5341 1043 5336 1799 5330 2011 5331 2755 5300 2983 5330 3215 5297 3626 5272" 
                    HPOS="319"
                    VPOS="5106"
                    WIDTH="3301"
                    HEIGHT="290">
            <Shape><Polygon POINTS="324 5344 324 5379 1090 5396 1166 5367 1177 5367 1299 5390 1607 5385 1607 5379 1613 5379 1630 5361 1630 5350 3620 5321 3620 5269 3609 5141 3377 5112 3185 5141 3133 5106 3110 5106 2994 5135 2883 5112 2866 5112 2808 5153 2576 5124 2344 5164 2100 5130 2088 5130 2036 5159 2019 5159 1909 5135 1891 5135 1827 5182 319 5182 324 5344"/></Shape>
	    <String CONTENT="la verité. L’amour de Leonatus &amp; de Sta¬"
                    HPOS="319"
                    VPOS="5106"
                    WIDTH="3301"
                    HEIGHT="290"></String>
          </TextLine>
          <TextLine ID="tl_16"
                    TAGREFS="LT198"
                    BASELINE="321 5574 606 5575 1094 5569 1694 5567 1914 5564 2078 5562 2546 5552 2762 5544 3138 5530 3630 5531" 
                    HPOS="313"
                    VPOS="5338"
                    WIDTH="3313"
                    HEIGHT="302">
            <Shape><Polygon POINTS="319 5570 319 5616 748 5640 922 5611 1009 5593 1044 5605 1102 5634 1108 5634 1114 5640 1404 5640 1404 5634 1410 5634 1502 5599 1787 5622 1978 5587 1990 5587 2065 5622 2083 5622 2187 5576 2396 5576 2413 5582 2454 5611 2483 5611 2529 5570 3620 5559 3626 5530 3620 5390 3237 5338 3220 5338 3162 5385 2965 5361 2762 5390 2715 5350 2715 5344 2547 5344 2379 5396 2379 5402 2083 5402 2019 5356 1990 5356 1920 5402 1839 5356 1816 5356 1816 5361 1769 5402 1769 5408 1676 5408 1676 5402 1630 5361 1630 5356 1427 5356 1427 5361 1381 5408 1369 5408 1027 5361 1009 5361 951 5408 702 5367 609 5419 313 5419 319 5570"/></Shape>
	    <String CONTENT="tira font l&#x27;Epiſode &amp; le nœud de cette Piece."
                    HPOS="313"
                    VPOS="5338"
                    WIDTH="3313"
                    HEIGHT="302"></String>
          </TextLine>
          <TextLine ID="tl_17"
                    TAGREFS="LT198"
                    BASELINE="344 5862 1450 5799 1834 5793 2250 5791 2829 5771 3161 5762 3629 5764" 
                    HPOS="330"
                    VPOS="5530"
                    WIDTH="3296"
                    HEIGHT="399">
            <Shape><Polygon POINTS="3243 5530 3232 5530 3034 5611 2930 5611 2791 5616 2210 5570 2210 5576 2204 5576 2181 5611 2071 5593 2054 5593 1967 5651 1856 5651 1792 5611 1775 5611 1485 5669 1264 5628 1253 5628 1125 5674 998 5628 464 5640 330 5709 342 5860 348 5895 429 5872 499 5924 510 5924 516 5929 632 5929 632 5924 644 5924 684 5883 713 5860 789 5901 812 5901 812 5895 864 5854 1589 5854 1589 5848 1798 5814 2141 5843 2355 5854 2431 5814 2506 5848 2518 5848 2663 5825 2814 5796 2860 5831 2883 5831 3017 5796 3626 5796 3626 5761 3614 5587 3440 5587 3243 5530"/></Shape>
	    <String CONTENT="Quelques-uns ont esté ſurpris que j&#x27;aye"
                    HPOS="330"
                    VPOS="5530"
                    WIDTH="3296"
                    HEIGHT="399"></String>
          </TextLine>
          <TextLine ID="tl_18"
                    TAGREFS="LT198"
                    BASELINE="332 6066 773 6033 1561 6025 2045 6026 2433 6017 2713 6009 3633 6000" 
                    HPOS="324"
                    VPOS="5814"
                    WIDTH="3308"
                    HEIGHT="371">
            <Shape><Polygon POINTS="481 5854 324 5889 336 6179 510 6132 574 6185 1102 6179 1166 6127 1247 6156 1305 6173 1311 6179 1526 6179 1526 6173 1642 6132 1909 6167 1926 6167 1978 6132 2013 6115 2094 6156 2106 6156 2222 6132 2315 6161 2332 6161 2466 6121 2547 6092 3127 6080 3208 6098 3371 6144 3382 6144 3626 6086 3632 5999 3620 5837 3255 5814 3052 5854 2883 5819 2872 5819 2709 5872 2634 5854 2541 5825 2518 5825 2518 5831 2471 5872 2431 5854 2390 5843 2367 5843 2309 5877 2030 5860 1856 5854 1659 5883 1334 5854 1305 5877 1282 5889 1125 5848 1108 5848 1021 5889 928 5848 905 5848 847 5895 725 5848 707 5848 638 5889 620 5895 481 5854"/></Shape>
	    <String CONTENT="choiſy Leonatus entre tous les Succeſſeurs"
                    HPOS="324"
                    VPOS="5814"
                    WIDTH="3308"
                    HEIGHT="371"></String>
          </TextLine>
        </TextBlock>
        <TextBlock HPOS="264.0"
                   VPOS="402.0"
                   WIDTH="3373.0"
                   HEIGHT="837.0"
                   ID="eSc_textblock_060258a5"
                   TAGREFS="BT275">
          <Shape><Polygon POINTS="264 402 264 1239 3637 1239 3637 402"/></Shape>
        </TextBlock>
        <TextBlock HPOS="310.0"
                   VPOS="2157.0"
                   WIDTH="929.0"
                   HEIGHT="884.0"
                   ID="eSc_textblock_258edd92"
                   TAGREFS="BT276">
          <Shape><Polygon POINTS="310 2157 310 3041 1239 3041 1239 2157"/></Shape>
        </TextBlock>
        <TextBlock HPOS="310.0"
                   VPOS="5898.0"
                   WIDTH="138.0"
                   HEIGHT="229.0"
                   ID="eSc_textblock_00917237"
                   TAGREFS="BT278">
          <Shape><Polygon POINTS="310 5898 310 6127 448 6127 448 5898"/></Shape>
        </TextBlock>
      </PrintSpace>
    </Page>
  </Layout>
</alto>
