4085 7126
1492 338 1284 214 STATIRA,

386 410 220 183 32

422 540 2955 196 Cleone, chaque inſtant redouble mon effroy,

410 665 3318 237 Les traits qui vont à luy ſemblent tomber ſur moy:

422 855 3211 231 C’eſt moy qui l'ay perdu, malheureuſe Princeſſe,

416 1021 2884 214 Pourquoy Leonatus eut-il tant de tendreſſe?

422 1193 3133 250 Sans mes coupables yeux il n’eut rien entrepris;

440 1365 2711 220 Faut-il qu’il en reçoive un ſi funeſte prix?

422 1484 3008 315 Que ſon a me ait eſté pour moy trop enflâmée?

428 1692 3228 237 Il n'auroit point péry, s’il m'avoit moins aimée.

1688 1882 922 202 CLEONE.

428 2007 3448 261 Non, Madame, les Dieux prendrõt ſoin de ſes jours,

428 2203 2866 219 J'ay veu de loin voler Roxane à ſon ſecours,

428 2369 3466 237 Son cœur (n’en doutez point) dãs ce péril extréme,

428 2541 3371 232 L’entraîne & la cõduit pour ſauver ce qu’elle aime;

434 2707 2634 226 Elle ſçaura calmer la fureur des Soldats,

428 2874 2449 255 Et dérober ſa vie au fer de Perdiccas;

440 3046 1730 237 Oüy, Madame, eſpérez....

1653 3200 1022 244 STATIRA.

2271 3361 1136 225 Eſpérance fatale!

451 3497 3045 273 Quoy, mon Amant dévroit la vie à ma Rivale?

451 3717 2973 220 Ciel, en me raſſurant, tu redoubles ma peur,

457 3895 2825 232 Et pour me conſoler, tu me perces le cœur.

457 4061 2819 226 Cruelle, voy mon ame également atteinte,

457 4228 3027 207 Frémir de l'eſpérance autant que de la crainte,

463 4388 3021 214 L’une & l’autre m’accable, & me fait ſoûpirer;

457 4548 3360 244 Hélas! que dois-je craindre, ou que dois-je eſpérer?

463 4726 3187 268 Mais je voy Perdiccas, & je crains de l'entendre,

457 4911 999 314 Il vient à nous.
