4033 7074
430 400 259 183 18

1574 353 1250 248 STATIRA,

436 613 2742 135 Ciel! avec quelle grace il aborda ma Mere

442 713 3254 212 Lors qu’il nous détrompa de la mort de mon Pere!

442 884 3024 194 Que ſon air eſtoit libre & remply de grandeur!

430 1055 2936 212 Et qu’il me parût propre à conſoler un cœur!

442 1208 2765 242 Je ne ſçay ſi déja pour mon Pere attendrie,

424 1379 2547 212 Lors que Leonatus m'aſſuroit de ſa vie,

442 1544 2871 212 Mon coeur ſans y penſer, par un juſte retour,

430 1721 2582 188 Fiſt ſervir l’amitié de paſſage à l’amour:

418 1856 2919 219 Enfin dans cet inſtant je ne pûs me défendre

418 2027 3414 242 De ſentir pour ce Prince un mouvement trop tendre;

424 2204 2748 212 Et ſoit que le Deſtin ou l’Amour le voulut,

436 2369 2618 213 Il me vit, je luy plûs, je le vis, il me plût.

1686 2534 908 189 CLEONE.

442 2664 3201 242 Mais, Madame, depuis, malgré ce cœur ſi tendre,

424 2853 2606 206 Leonatus vous vit l'Epouſe d’Aléxandre,

412 3018 2925 230 Et cet illuſtre nom qui vous couvre d’éclat...

1650 3177 1003 212 STATIRA.

424 3354 2229 212 Il fallut obeïr en Victime d'Etat;

418 3513 2677 206 Leonatus remply d’une douleur extréme,

424 3660 3331 230 Deſeſperé, tremblant, vint m’annoncer luy-meſme

436 3855 2777 212 Qu'Aléxandre dans peu me devoit épouſer,

418 4002 2653 207 Et qu’il l’avoit chargé de me le propoſer.

430 4185 2824 212 Juge de ſa douleur, Cleone, & de la mienne,

436 4332 2995 224 Ma flame eſtoit déja preſque égale à la ſienne,

448 4515 2765 224 Et dans ce dur moment, je ne puis le celer,

424 4651 2913 259 Je voulus luy répondre, & ne ſçeus luy parler;

424 4822 3255 224 Mais tous deux de concert dans ces vives allarmes,

430 4981 3084 224 Nous laiſſâmes parler nos ſoûpirs & nos larmes.

418 5175 2701 207 Je voyois à regret ce Prince mon Amant,

430 5305 3272 236 Luy-meſme à ma grandeur s’immoler tendrement;

448 5476 3313 230 Aléxandre vainqueur, quoyqu’il fiſt pour me plaire,

448 5647 3378 230 Ne m’en parût pas moins le vainqueur de mon Pere;

436 5794 2871 248 Raviſſeur de nos biens, maiſtre de nos Etats,

442 5965 2765 372 J'admiré ce Héros, mais je ne l'amay pas,
