4085 7006
1198 391 1461 274 TRAGEDIE.

3477 613 122 186 7

222 648 3021 221 J'ay remarqué toûjours qu’envieux de ſa gloire.

233 788 2963 274 Sans ceſſe vous tâchez d’obſcurcir ſa mémoire;

222 945 2653 263 Je n’examine point le caprice des Dieux,

227 1115 2963 257 Ils ont eu leurs raiſons pour l’oſter à nos yeux.

227 1272 2613 263 Dûſſay-je m’attirer l'éclat de leur colere.

222 1436 3225 303 Il fiſt ſeul ce qu’eux tous auroient eu peine à faire,

216 1593 2770 263 Et ſans-doute ces Dieux de ſa gloire jaloux

222 1763 2904 280 N’ont pû ſouffirir qu’il fuſt adoré parmy nous.

210 1932 3027 269 J’en dis trop. Mais enfin pour reparer la gloire

210 2095 2893 275 D'un Demy-Dieu, je dois élever ſa mémoire;

210 2265 2828 251 Et vous devez ſonger qu’apres un tel Epoux

198 2417 2951 274 Je ne puis m’abaiſſer d’en choiſir parmy vous,

198 2580 3407 309 Qu’ayant mõté ſi haut, mon cœur ne peut deſcendre,

198 2761 2805 280 Et qu'il faut à Roxane un ſecond Aléxandre.

192 2919 1286 216 En eſt-il un encor?..

1221 3065 1397 262 CASSANDER.

1835 3298 1057 204 Le ſeul Leonatus

187 3397 2775 275 Sort du ſang d’Aléxandre, il en a les vertus;

181 3584 2717 269 Mais Statira, Madame, à vos deſirs fatale,

175 3748 3179 274 Peut-eſtre dans ſon cœur vous donne une Rivale;

163 3911 2823 286 Le ſang de Darius qui vous donna des Loix,

163 4075 2735 274 Sa beauté, ſon mérite, autoriſent ce choix.

1402 4273 959 228 ROXANE.

163 4361 3384 350 Vous pourrez donc, Seigneur, en la trouvant ſi belle,

157 4577 2922 257 Luy préſenter vos vœux, & ſoûpirer pour elle,

157 4752 2852 263 De ſa gloire mon cœur ne ſera point jaloux,

151 4921 2811 263 Et meſme je conſens à luy parler pour vous.

1186 5085 1338 245 CASSANDER.

140 5219 3395 327 A luy parler pour moy! Juſtes Dieux! Mais, Madame,

140 5412 2957 262 Vous ne ſçavez que trop le ſecret de mon ame,

116 5569 2770 251 J’attens Leonatus; peut-eſtre que ſon cœur

122 5739 2992 262 Découvrant ſes deſſeins, fera voir mon erreur;

128 5902 2706 274 Mais ſi pour Starira j’avois l’ame inquiete,

105 6054 2928 356 Je ne vous prîrois pas d’eſtre mon Interprete,
