4085 7277
424 388 237 254 8

1481 382 1317 303 STATIRA,

406 636 3308 237 Et peut-eſtre mes vœux ſeroient-ils mieux reçeus,

400 776 2471 242 Si je faiſois pres d'elle agir Leonatus?

400 946 3241 272 Ce trait vous eſt ſenſible, & vous frape, Madame,

382 1103 3344 279 Je connois dans vos yeux le trouble de voſtre ame,

388 1285 3041 255 Mais enfin dans les miens voyez à voſtre tour,

388 1455 2950 224 Avec mon deſeſpoir, ma rage & mon amour.

1675 1655 959 206 ROXANE.

388 1764 3338 334 Caſſander, vous pouſſez trop loin voſtre inſolence,

394 1964 2914 249 C'eſt à vous devant moy de garder le ſilence,

382 2116 2919 291 Et ſans aprofondir qui j’aime, ou qui je hais,

376 2292 2847 309 Ayez plus de reſpect, & n’en parlez jamais,

382 2468 910 230 Retirez-vous.

1438 2613 1378 243 CASSANDER.

1335 2777 2288 303 Hé bien? Je vous quite, Madame,

376 2953 3223 297 Vous ſçavez mon ſecret, je connois voſtre flame,

364 3141 2986 279 Il ſuffit. Mais enfin ſi mes voeux ſont déçeus,

364 3317 2592 285 Dans peu je ſerviray ceux de Leonatus.

1147 4056 1900 292 SCENE III.

789 4396 2537 376 ROXANE, HESIONE.

1608 4760 959 267 ROXANE.

321 4766 255 443 L

588 4911 3151 346 'Orgueilleux Caſſander ſe déclare, & me brave,

315 5148 3205 273 Luy, qui de mon Epoux eſtoit preſque l’Eſclave,

315 5306 2829 242 Il inſulte à ſa gloire, & ſans reſpecter rien,

327 5500 3017 206 M'oſe parler en Maiſtre, & veut eſtre le mien;

333 5645 2750 255 Il vient avec fierté me découvrir ſa flame,

333 5821 2750 231 Il veut aprofondir le ſecret de mon ame,

327 6003 3029 249 J'en rougis, Heſione, & mes ſens trop émeus

339 6167 2538 449 Au nom de ma Rivale & de Leonatus,
