4085 7057
1171 394 1442 247 TRAGEDIE.

3425 493 171 259 9

164 658 3326 230 Qui réveillant tous deux ma haine & ma tendreſſe,

164 817 3326 218 Malgré tout mon orgueil ont fait voir ma foibleſſe;

158 970 2761 223 Je verray mes attraits peut-eſtre humiliez,

164 1123 3291 270 Moy, qui vis le Vainqueur de la Terre à mes pieds,

164 1299 3155 224 Moy, qui devrois au nom de Veuve d’Aléxandre

164 1470 2649 229 Aller m'enſevelir dans ſa ſuperbe cendre,

158 1628 2938 242 J’oſe encor luy ſurvivre, & mon perfide cœur

170 1811 3220 229 Soûpire, & malgré moy luy donne un Succeſſeur,

164 1946 3014 247 Dans ce trouble mortel je me connois à peine,

153 2128 2984 212 J’aperçois mon amour à travers de ma haine,

164 2281 2731 259 Et je dis en tremblant à mes ſens éperdus,

158 2446 2290 253 Si je hais Starira, j’aime Leonatus.

1371 2693 1071 253 HESIONE.

158 2940 3108 276 Mais, Madame, apres tout oſeray-je ſans crime

153 3122 2878 235 Sçavoir quelle raiſon contr’elle vous anime?

153 3287 2613 253 Seul reſte des Enfans du ſang de Darius,

141 3446 2619 241 Elle a mille beautez, elle a mille vertus;

135 3622 2849 247 Quand Perdiccas & vous la retenez captive,

141 3799 2955 241 A peine malgré luy vous ſouffrez qu’elle vive.

141 3969 1460 218 Que vous a-t-elle fait?

1377 4116 953 224 ROXANE.

1571 4298 1654 253 Dieux, ce qu’elle m'a fait!

147 4410 2796 300 Heſione, elle eſt belle, & c’eſt là ſon forfait;

135 4604 3084 294 Elle ſçeut m’enlever tous les vœux d’Aléxandre,

135 4763 3414 353 Elle a droit ſur un Trône où mon Fils doit prétendre;

135 4939 2796 271 Mille jeunes appas qu’elle traîne apres ſoy,

135 5110 2990 276 Et toutes ſes vertus, ſont des crimes pour moy;

129 5269 3014 294 Elle eſt ma Concurrente à la Perſe, à l’Empire,

129 5428 3184 311 Mais elle eſt ma Rivale, & mon cœur en ſoûpire;

117 5598 2614 253 Je la trouve par tout, ſes charmes odieux

135 5769 2955 252 Ont toûjours balancé le pouvoir de mes yeux.

123 5927 3432 330 Il me ſouvient du jour qu’on trompa ma vangeance,

111 6086 2267 318 Je vis Leonatus courir à ſa défenſe,
