4085 7205
1069 372 1406 228 TRAGEDIE.

3412 426 228 348 19

174 564 2439 234 Il fallut obeïr cependant, & mon ame

180 738 2967 258 Par un triſte devoir ſçeut combatre ma flame,

168 888 2493 270 Et de Leonatus effaçant tous les traits,

168 1062 2871 252 Luy dire en ſoúpirant un adieu pour jamais.

168 1242 3418 235 Depuis, grace aux Dieux, mon cœur pour luy moins

168 1404 3418 295 A ſoútenu le nom d'Epouſe d'Aléxandre; (tendre,

156 1555 2385 270 Une vertu ſevere, un auſtere devoir,

162 1729 2913 246 M’ont cent fois arrachée au plaiſir de le voir;

162 1897 2949 270 Loin de luy je tâchois d’étouffer ma tendreſſe,

150 2065 2715 228 Je l'évitois helas! & le trouvois ſans ceſſe.

150 2245 2913 240 Le Roy qui luy donnoit comme à ſon Favory

150 2407 2769 258 Le rang d’Epheſtion qu’il avoit tant chery,

156 2569 2595 246 Vit que Leonatus me faiſoit de la peine,

156 2731 2835 265 Et me crut pour ce Prince une ſecrete haine,

150 2912 3015 210 Et ſouvent malgré luy l’amenant devant moy.

144 3074 2901 252 M'arrachoit des ſoúpirs qu'il voloit à ma foy,

144 3248 3039 228 Souvent il me prioit dans ſa tendreſſe extréme

144 3404 3208 252 D’aimer Leonatus comme il l’aimoit luy-meſme.

144 3578 2805 252 Moy, qui dans cet inſtant eus voulu la haïr,

138 3746 2523 258 Cleone, je tremblois de luy trop obeïr,

132 3908 3033 240 Et ce Prince confus des bontez de ſon Maiſtre,

132 4076 2913 240 M’évitoit auſſitoſt qu’il me voyoit paroiſtre.

1381 4268 961 211 CLEONE.

126 4389 3274 276 Mais, Madame, à préſent qu’Aléxandre n’eſt plus;

126 4587 2835 246 Vous pouvez ſans ſcrupule aimer Leonatus;

114 4749 3286 264 Un Prince de ſon ſang peut apres luy prétendre....

1303 4929 1045 216 STATIRA.

102 5061 2931 288 Je puis, ſans offencer les manes d’Alexandre,

108 5259 2883 216 Ranimer aujourd’huy dans mon cœur abatu

102 5421 2769 228 Un amour immolé longtemps à ma vertu;

102 5589 2715 241 Mais Roxane a trouvé Leonatus aimable,

96 5757 3015 229 Et ma flame à ſes yeux me va rendre coupable;

108 5926 2607 210 Cleone, elle peut tout, les Macédoniens

96 6082 2991 336 Prennent ſes intereſts, & négligent les miens.
