4085 7057
1209 329 1428 223 TRAGEDIE.

217 493 2602 253 Mon amour a rendu ma fureur occupée,

3396 408 241 250 29

211 664 2920 265 Arbate eſt le premier tombé ſous mon Epée;

211 835 2926 264 Mais certain Inconnu, qui le Caſque abaiſſé,

211 999 2820 259 A travers mille Dards vers moy s’eſt élancé,

217 1170 3132 217 Glaçant tous nos Soldats de ſes cris redoutables,

211 1329 3414 317 S’eſt fait jour parmy nous par des coups effroyables.

206 1505 2689 212 La Porte ſe referme; alors de toutes parts

223 1652 2855 265 On tourne contre luy les Piques & les Dards;

211 1828 2996 283 Les ſiens envelopez de tous coſtez ſuccombent,

217 2011 3173 235 Mais luy ſeul soútient tout quand tous les autres

506 2164 606 200 tombent:

211 2305 2473 270 Auſſitoſt j’ay couru reprendre Statira,

217 2487 1460 218 Qui toute en pleurs....

1418 2646 954 229 ROXANE.

1542 2816 1983 294 Mais Dieux! l’Inconnu périra,

217 2946 642 300 Seigneur?

1306 3140 1260 259 PERDICCAS.

488 3357 3126 330 Non, non, Madame, & j'ay dit qu'on l'emmeine,

211 3522 2373 282 De cette trahiſon il recevra la peine;

206 3728 3260 300 J’en veux ſçavoir l’Auteur, j’en veux eſtre éclaircy,

211 3893 2885 247 Sur tout j’ay commandé qu’on l’amenât icy,

217 4063 3408 271 Vous l’allez voir. A moins qu’un coup trop légitime

217 4216 2755 306 N’ait déja fait payer la peine de ſon crime,

217 4381 1919 258 Il eſtoit tout couvert de ſang.

1430 4663 971 235 ROXANE.

2077 4828 1213 264 Ciel! que d’efffoy?

206 4945 3084 330 Je tremble, je friſſonne & je ne ſçay pourquoy;

206 5163 3255 276 Mais, Heſione, hélas! d’où vient que j’en ſoúpire?

188 5304 2872 294 Il eſt couvert de ſang, & peut-eſtre il expire,

217 5480 2973 271 Il n’en faut plus douter; ah! regrets ſuperflus!

188 5639 2643 300 Seigneur, vous avez fait périr Leonatus.

1289 5827 1289 277 PERDICCAS.

182 5951 1583 394 Seroit-ce luy, Madame?

2748 6198 430 353 C iij
