4085 6923
582 392 81 184 2

1621 392 1240 202 STATIRA,

565 576 2579 202 Le fier Leonatus, Cratere, & Ptolomée,

576 715 2932 225 Ont mis dans leur party la moitié de l'Armée,

576 882 2920 214 On veut nous aſſieger, mais on voit Seleucus,

588 1049 2498 214 Eumenes, Alcetas, Python, Antigonus,

571 1199 3092 243 Qui ſoûtenant le droit où voſtre eſpoir ſe fonde,

571 1378 2735 220 Veulent vous élever à l'Empire du Monde;

571 1540 2631 219 L’imbécille Philipe eſt-il né pour régner?

571 1701 2556 220 Les Macédoniens ont ſçeu le dédaigner.

576 1857 2914 231 Bien que Fils de Philipe & Frere d'Aléxandre,

576 2036 2960 208 Eſt-il digne du ſang dont on l’a veu deſcendre?

582 2186 3018 225 Peut-il ſeul commander à cent Peuples vaincus,

600 2348 2613 201 Et Frere d'Aléxandre en a t-il les vertus?

594 2509 3248 219 Ce n’eſt point luy qu’au Trône Aléxandre déſigne,

594 2688 3156 190 Ce Monarque en mourant le remet au plus digne,

594 2838 3144 213 Par là ſans vous nommer il vous nomme en effet,

588 2999 2787 231 Et ſcelle de ſa main le don qu'il vous en fait.

1655 3219 1264 259 PERDICCAS,

582 3473 2995 259 Je ſçais trop d’Aléxandre honorer la mémoire,

605 3669 3081 230 Seigneur, pour me flater de tant de vaine gloire;

600 3830 3150 225 Il eſt vray que ſon choix ſemble tomber ſur moy,

605 3992 2793 225 Mais apres ce Héros peut-on élire un Roy?

600 4136 3352 225 Quand la Terre a perdu ſon Vainqueur & ſon Maître,

605 4309 2856 214 Eſt-il un Succeſſeur qu'elle puiſſe connoître?

617 4471 3046 236 Le préſent qu'il m’a fait n'a point dû m'ébloüir,

605 4644 2389 219 Il peut eſtre fatal à qui veut en joüir;

605 4782 2960 237 Quand de la Macédoine Alexandre eut l’élite,

623 4961 2885 208 Il avoit moins de Chefs que de Roys à ſa ſuite,

617 5128 3046 231 Et ce Héros vainqueur des Medes, des Perſans,

623 5290 3236 219 Ne nommoit plus de Roys que par ſes Lieutenans.

715 5440 3254 248 Je n’ay donc point voulu me parer d’un vain Titre,

634 5613 2977 231 De tous ſes Succeſſeurs je veux eſtre l’Arbitre,

628 5769 2706 242 J’en ay fait nommer un pour le faire haïr,

646 5936 2821 312 Et n’ay choiſy qu’un Roy qui me ſçeut obeïr
