4000 7057
1111 294 1506 235 TRAGEDIE.

3370 311 241 312 25

135 541 3035 211 Il aproche, on l'a veu du haut de nos Rempars

141 664 2953 265 Faire contre nos Murs marcher ſes Etendars;

147 829 3347 282 Nous pourrons d’un ſeul coup prévenir la tempeſte,

135 987 3000 277 Il ne faudroit, Seigneur, abatre qu’une Teſte,

123 1140 2229 247 Punir Leonatus de ſa temérité....

1176 1340 1359 218 CASSANDER.

129 1481 2547 236 Contre luy voſtre cœur ſeroit-il irrité,

123 1658 3329 282 Madame, & pouriez-vous m'aſſurer d’une haine....

1352 1840 971 200 ROXANE.

123 1958 3447 312 De ma haine, Seigneur! Dieux! elle eſt trop certaine,

141 2170 2582 223 Roxane contre luy n’en a point à demy,

117 2334 2400 212 Je hay Leonatus en mortel Ennemy,

123 2493 3224 282 Luy qui prétend nous faire une ſanglante guerre,

105 2658 2947 258 Qui contre nous ſoûleve & le Ciel & la Terre,

123 2816 2694 230 Leonatus, enfin, que je veux deſormais....

129 2993 3088 264 Pourquoy me demander, Seigneur, ſi je le hais?

1158 3169 1353 212 CASSANDER.

117 3305 3118 229 Hé bien? à vous ſervir ma main eſt toute preſte;

99 3475 3271 282 Mais, Madame, oſez vous me demander ſa Teſte?

1370 3657 953 206 ROXANE.

99 3781 518 253 De qui?

1129 3963 1371 241 CASSANDER.

752 4093 2300 364 D’un Ennemy qui vous eſt odieux,

76 4263 835 300 Qui vient....

1341 4487 941 200 ROXANE.

752 4610 2689 288 Ce n’eſt pas là, Seigneur, ce que je veux,

82 4786 3194 283 Mais je veux l’attaquer par un autre Luy-meſme,

76 4975 3100 247 Et ne veux le punir que dans l’Objet qu’il aime;

70 5139 2671 241 Il nous faut ébloüir & tromper Perdiccas,

70 5316 2488 206 Immolons en ſecret les funeſtes appas

58 5480 1394 230 Pour qui Leonatus....

1117 5604 1383 247 CASSANDER.

1464 5804 1683 253 Je vous entens, Madame,

47 5957 3305 394 Vous voulez que je preſte un crime à voſtre flame;

2817 6215 135 205 C
