4033 7232
566 271 199 337 14

1597 331 1302 223 STATIRA,

1386 608 1790 217 ROXANE à Caſſander.

524 801 2990 253 Je ne ſçay; mais, Seigneur, quoy qu’il arrive,

524 1018 2869 217 Roxane & Perdiccas la retiendront captive.

1681 1223 1242 259 LEONATUS.

530 1464 3406 325 AH Madame! ou les Dieux n’auront point d’équité,

542 1681 2460 211 Ou nous l'arracherons à la captivité.

530 1862 2598 235 Au lieu de prévenir une funeſte guerre,

530 2024 3183 260 Vous allez l’allumer aux deux bouts de la Terre,

542 2187 645 235 Madame.

1802 2374 959 205 ROXANE.

1097 2669 2773 241 Et nous, Seigneur, nous ſçaurons ſoûtenir

554 2850 2984 235 Ces éclats dangereux que l'on peut prévenir.

530 3031 2743 241 Vous pouvez cependant aſſurer Ptolomée

542 3212 3460 259 Que nous ne craignons point ny luy, ny ſon Armée.

717 3374 772 242 à Perdiccas.

542 3549 1314 247 Sortons, Seigneur.

1368 4158 1845 307 SCENE VI.

741 4550 3105 277 CASSANDER, LEONATUS.

1651 4893 1369 241 CASSANDER.

1579 5225 2303 277 E voy qu'on nous brave tous deux,

1392 5026 151 506 J

560 5417 2731 223 Roxane nous inſulte & mépriſe mes feux,

560 5604 3063 205 Perdiccas m’abandonne & s’unit avecque elle,

560 5755 3105 271 Je les quite, Seigneur, & prens voſtre querelle,

566 5930 2629 223 Dans une heure je puis délivrer Starira,

560 6092 2876 314 Ou dans ce grand deſſein Caſſander périra.
