4085 7232
543 590 2781 277 Des ſoins de Perdiccas il prenoit la moitié

543 759 2703 271 Par d'autres intéreſts que ceux de la pitié;

537 928 2908 265 Sans leur cruel amour, ſans leur pitié fatale,

537 1102 2986 266 Roxane en cet inſtant n’avoit plus de Rivale,

537 1277 2920 271 Et terminant ſon ſort pour raſſurer le mien,

524 1452 3017 253 J’allois eſtre en état de ne craindre plus rien.

1731 1717 1056 217 HESIONE,

524 1898 3331 355 Mais Barſine, Madame, eſt plus à craindre qu’elle,

524 2115 3066 277 Et bien que Statira ſoit plus jeune & plus belle,

518 2284 2999 265 Barſine a d’Alexandre un Fils de qui les droits

506 2446 2517 296 La rendront plus coupable à vos yeux.

1761 2772 984 295 ROXANE.

2998 2977 706 259 Je le vois,

494 3085 2734 320 La ſeule Statira cependant m’épouvante,

500 3302 3084 241 Et Barſine moins belle eſt bien plus innocente.

482 3471 3246 283 J’ay dans mes intéreſts, & dans ceux de mon Fils,

494 3658 2679 235 Eumenes, Seleucus, & cent autres Amis;

488 3808 2456 266 Mais ſi Leonatus ſe déclare pour elle,

476 3989 3271 295 S’il me porte aujourd’huy cette atteinte mortelle,

482 4164 2987 223 Statira doit trembler... Ce Prince que j’atens

470 4339 3186 223 Retient encor mon ame & mes vœux en ſuſpens;

470 4495 2909 260 D'une foible eſpérance en fecret je me flate,

482 4658 2897 247 Il faut que fon deſſein ou ſon amour éclate.

470 4809 3403 313 Dieux! j’en tremble, Heſione, & mon cœur agité...

470 4996 3096 313 Mais quelqu’un vient à nous d’un pas précipité.

1629 379 1285 295 STATIRA,

561 403 217 205 10
