4085 7250
416 380 224 169 22

1583 338 1226 217 STATIRA,

410 531 3100 254 Peut-eſtre que Roxane en perdant l'eſpérance,

423 676 2779 254 Couronnera mes feux & ma perſéverance,

423 839 2749 260 Et pour vous engager par de ſi forts liens,

404 1002 2992 260 J'unis vos intereſts, Madame, avec les miens.

1643 1214 979 193 STATIRA.

404 1317 3245 271 Je reſpire, Seigneur, & commence à comprendre

435 1528 3432 242 Qu’un Hõme tel que vous poura tout entreprendre;

435 1679 2930 266 Vous aimez, il ſuffit, & vous avez promis....

429 1842 3426 296 Mais, Seigneur, cõtre vous quel nombre d'Ennemis?

416 2023 2726 212 Leonatus peut-il ſeconder voſtre attente?

423 2181 2930 265 Perdiccas eſt jaloux, & Roxane eſt Amante.

416 2350 1946 260 Que de périls, grands Dieux!

1438 2537 1384 242 CASSANDER.

1933 2730 1100 236 Quoy, Madame?

1619 2869 1058 242 STATIRA.

2876 3038 671 248 Seigneur,

410 3165 3227 302 Ce grand projet me trouble & me glace le cœur.

404 3389 2943 242 Quand je trace à mes yeux une fidelle image

398 3540 3046 284 De mille affreux périls où ce pas vous engage,

398 3703 2889 254 Je ſoûpire, je tremble, & n'y puis conſentir,

392 3878 3469 272 Je ne ſçay quels malheurs mon cœur ſçait preſſentir.

398 4066 2653 223 Dieux! ſi Leonatus dans ſa funeſte envie

410 4217 2575 253 Payoit ma liberté de ſon ſang, de ſa vie,

392 4386 3463 254 Qu'il vint tõber ſanglant à mes pieds.... J’en frémis,

392 4567 3131 248 Et ne veux point, Seigneur, eſtre libre à ce prix.

1462 4760 1360 200 CASSANDER.

386 4881 3517 272 Madame, au nom des Dieux, ſoyez moins allarmée,

386 5062 3191 272 Vous verrez aujourd'huy le Camp de Ptolomée,

380 5226 3167 271 Laiſſez-moy tout conduire, allez en ce moment,

392 5395 2943 247 En attendant Arbate, en voſtre Apartement;

380 5552 3136 272 Là, Madame, dans peu vous le verrez paroiſtre,

362 5721 3179 278 Un plus long entretien ſeroit ſuſpect peut-eſtre,

380 5908 3058 284 Si Roxane en ces lieux me trouvoit avec vous,

380 6065 895 278 Sa jalouſie....
