4267 6763
1211 417 2678 298 mes, qu’il a fallu donner des

1200 648 2683 355 batailles pour en chaſſer les

1200 935 2694 372 Anglois, & en eſloigner les

1194 1239 2684 344 Eſpagnols, on pourroit s’e¬

1183 1516 2689 355 ſtonner de la peine que vous

1172 1814 2694 333 auez à vous en tirer. Mais il

1172 2096 2689 333 eſt certain que tout le mon¬

1166 2350 2683 366 de y treuue ſa maiſon, & ſes

1155 2654 2683 338 affaires; & pour vous mon

1149 2936 2689 377 Seigneur, puis qu'en ce pais

1138 3218 2694 343 là les Rois naiſſent & deuiẽ¬

1144 3533 2694 310 nent vieux & que c’eſt le ſie¬

1121 3804 2695 338 ge de leur Empire, perſon¬

1127 4102 2694 316 ne ne vous ſçauroit blaſmer

1121 4367 2683 344 d’y demeurer trop long-tẽps

1110 4621 2689 383 ſans vo9 accuſer d'aymer vo¬

1099 4914 2700 372 ſtre Maiſtre, & de vouloir eſtre

1093 5224 2689 366 pres de ſa perſonne. A Rome

1189 180 254 146 28

1550 135 2175 304 LETTRES DV SIEVR
