4267 6805
1180 357 2780 363 falluſt faire des prieres gene¬

1185 612 2758 369 rales pour vne ſanté li neceſ¬

1168 878 2775 403 ſaire & ſi precieuſe que la

1168 1190 2775 386 voſtre, & que voſtre vie ne

1163 1446 2757 442 vous doiue eſtre chere, dans

1157 1740 2758 409 laquelle vous auez à conſer¬

1151 2041 2752 403 uer la gloire de voſtre ſiecle?

1140 2353 2758 408 Pour moy, Monſeigneur,

1157 2625 2741 363 qui ſuis attaqué de tous co¬

1123 2886 2786 414 ſtez, & à qui il ne reſte que

1112 3158 2780 425 l'eſperance qui eſt le ſeul biẽ

1117 3476 2764 391 de ceux qui n'ont pas les au¬

1112 3759 2769 409 tres, puis que mõ mal-heur

1095 4060 2780 334 veut que ie ſois cette victi¬

1089 4349 2786 391 me publique qui doit eſtre

1078 4633 2786 391 chargée des peines du peu¬

1078 4956 2774 351 ple, & payer pour tout le

1066 5217 2775 431 monde, ie ſerois tres-content

3398 5625 432 346 que

1191 85 278 226 48

1571 96 2264 329 LETTRES DV SIEVR
