4267 6855
1046 479 2786 303 tendre ce qu’il deſire, &

1041 719 2802 343 qu’il ordonne de la condui¬

1041 1016 2802 297 te du monde: Quand il

1041 1302 2802 354 vous plairra, Monſeigneur,

1029 1599 2809 326 ie ſcauray les inſpirations

1046 1879 2797 331 qu’il vous a enuoyées, & l’e¬

1035 2182 2797 314 lection que vous auez faite,

1041 2456 2802 320 car de l’aller apprendre ſi

1035 2724 2808 355 toſt ſur les lieux, il faudroit

1041 3027 2814 354 qu’il n’y euſt point de ſeureté

1041 3330 2802 331 pour moy en ce Royaume,

1052 3638 2803 309 & que ie ne connuſse pas cõ¬

1035 3890 2808 337 me ie fais, le Soleil de Rome.

1035 4187 2825 337 Celuy qui noirçit les Mores,

1052 4472 2786 326 & qui bruſle la Lybie n’eſt

1041 4775 2791 320 point ſi dangereux en cet¬

1046 5055 2780 297 te ſaiſon, & ſi vous n’auiez

1046 5329 2763 394 des threſors de neige, & des

1035 222 269 223 40

1435 177 2282 285 LETTRES DV SIEVR
