4267 6784
1131 514 2677 379 du vulgaire il y a de l’hon¬

1120 819 2671 345 neur d'eſtre le premier en v¬

1103 1102 2671 367 ne ceremonie, & deporter

1080 1356 2677 413 vn chappeau de meſme prix

1069 1662 2677 361 que les coronnes, & les dia¬

1052 1933 2677 362 demes: Toutesfois vous me

1029 2261 2694 311 pardonnerez bien ſi ie vous

1018 2510 2683 378 dis, que c’eſt vne choſe qui

1012 2815 2666 350 n'obligera iamais vn hom¬

990 3075 2682 373 me ſage à vous porter de l'ẽ¬

973 3386 2682 367 uie; ſi vous n'auiez que ce

939 3680 2699 356 point la au deſſus de moy, ie

939 3929 2699 418 ſerois encore mon maiſtre,

916 4211 2694 385 & ie n'euſse pas pour l’a¬

899 4505 2688 362 mour de vous renoncé à la

877 4748 2699 413 liberté qui m'eſtoit auſſi

854 5037 2705 429 chere qu’a la Republique de

843 5319 2693 458 Venize. En effect de n’auoir

1533 310 2145 289 LETTRES DV SIEVR

1103 271 232 266 14
