4267 6884
1062 212 2831 269 en toutes choſes, & qui n’exem¬

1056 407 2854 378 ptent pas meſme Horace & Vir¬

1068 711 2837 315 gile de leurs Cenſures, ie t’ad¬

1068 946 2842 333 uertis (Lecteur) de ne t'arreſter

1068 1216 2825 332 pas à leur opinion, ſi tu ne veux

1056 1468 2820 333 qu’on t'accuſe de foibleſſe, &

1056 1784 2814 269 de ne reprendre pas auec eux in¬

1062 2002 2820 315 continent, çe que tu trouue¬

1056 2248 2820 287 ras au deſſus de la portée de ton

1056 2506 2826 299 eſprit. Ce ſtile eſt ſi beau, ſi fort,

1062 2776 2814 321 & ſi net, qu’il ſurpaſſe au iuge¬

1056 3023 2814 332 ment des mieux ſenſez, l’elo¬

1045 3258 2819 390 quence de tous les ſiecles, & ſi

1033 3545 2837 332 tu t’efforces d'y chercher des de¬

1039 3832 2825 304 fauts, tu ne ſeras pas quitte pour

1045 4078 2819 333 eſtre eſtimé delicat, on dira que

1045 4359 1355 304 tu es deſgouté.

1941 137 1102 29 au Lecteur.
