4267 6791
1065 469 2754 283 ſur la teſte des Roys, & qui

1071 735 2753 289 commande à toutes les a¬

1082 1029 2754 266 mes raiſonnables. Encore

1093 1273 2748 368 que ma ſanté ſoit ſi peu aſ¬

1093 1601 2748 289 ſurée, que ie ne m’en puiſſe

1088 1827 2770 419 promettre trois iours de ſui¬

1099 2144 2759 363 te, ie n'ay pas toutesfois per¬

1116 2456 2748 283 du l’eſperance de vous voir

1116 2739 2748 282 vn iour en ce païs là donner

1122 2993 2748 323 des loix aux peuples du mõ¬

1122 3270 2759 357 de, & faire de grands exem¬

1116 3593 2776 345 ples de vos plus petites a¬

1133 3853 2759 278 ctions. Peut eſtre Monſei¬

1133 4125 2754 402 gneur, que Dieu me conſer¬

1139 4453 2753 266 uera pour l'amour de vous,

1156 4719 2742 306 afin que rien ne manque à

1156 5002 2736 328 voſtre gloire, & qu'il y ayt

1156 5302 2759 357 vn homme au monde qui

1031 277 266 204 34

1416 215 2238 226 LETTRES DV SIEVR
