4267 6862
1464 457 2213 223 EXTRAICT DV

1939 634 1286 286 Priuilege du Roy.

1469 972 2506 274 Ar grace & Priuilege du Roy il eſt

1492 1183 2477 240 permis à Tovssainct dv Bray,

1201 1355 2780 240 Marchand Libraire iuré à Paris, d'impri¬

1201 1549 2780 212 mer ou faire imprimer, vendre & distri¬

1206 1738 2769 211 buer vn Liure intitulé, Lettres du sieur de

1195 1904 2780 223 Balzac, & deffences ſont faictes à

1201 2104 2768 246 tous Libraires, Imprimeurs, & autres de

1201 2281 2768 235 ce Royaume, d’iceluy liure imprimer, con¬

1201 2453 2768 223 trefaire ny alterer, vendue & diſtribuer

1195 2636 2774 240 ſans le congé & permiſſion dudit du Bray,

1195 2813 2780 274 pendant le temps & eſpace de dix ans, à

1201 3002 2762 251 compter du iour & datte que ledit liure

1195 3190 2780 223 ſera acheué d’imprimer pour la premiere

1201 3362 2762 234 fois, à peine de mille liures d’amande en¬

1195 3528 2786 234 uers ledit du Bray, confiſcation des liures

1195 3722 2774 240 qui ſe treuuerõt auoir eſté imprimez d'au¬

1201 3888 2774 286 tre impreſſion, que de celle dudit ſuppliãt,

1201 4100 2768 240 auec tous ſes deſpens, dommages, & in¬

1206 4271 2763 223 tereſts, ainſi que plus amplement eſt con¬

1201 4448 2762 235 tenu & declaré eſdites lettres de Priuilege,

1201 4626 2757 274 données à Compiegne le troiſieſme iour

1201 4814 1167 235 de May, 1624.

1372 5129 1791 251 Par le Roy en ſon Conſeil.

2408 5409 451 252 Signé,

2842 5712 1041 252 RENOVARD.

1212 1046 257 366 P
