4080 6933
774 415 1745 232 TRAGEDIE.

3022 450 139 283 11

1103 699 913 173 SCIPION.

1352 878 1791 242 Ecoûte, une de mes captives,

184 1057 2751 214 je tremble ſeulement d’en prononcer le nom,

196 1242 2393 167 A ſoûmis, a vaincu le cœur de Scipion;

202 1363 2606 191 Pourois-je t’en tracer une aſſez vive image?

190 1513 2618 191 Un charme ébloüiſſant brille ſur ſon viſage,

190 1663 2549 191 Un air plein de grandeur, une noble fierté,

190 1808 2445 202 L’éclat & la douceur jointe à la majeſté,

190 1964 2508 196 Mille & mille vertus, une grace infinie...

190 2108 2387 214 Enfin ne dois-tu pas reconnoître Iſperie.

1207 2276 804 185 LEPIDE.

196 2374 2653 260 Hé? qui pouroit la voir ſans en eſtre ſurpris,

202 2570 2479 197 Seigneur, avec raiſon vous en eſtes épris,

208 2709 722 208 Ses yeux...

1190 2848 855 196 SCIPION.

502 2958 2659 294 Ne flates point mon panchant, ma foibleſſe,

202 3148 2652 220 Et loin de me laiſſer languir dans la moleſſe,

196 3304 2699 220 Contre un feu ſi fatal prête-moy du ſecours,

202 3454 2884 237 Sauve moy, s’il ſe peut, de l’abîme où je cours:

202 3605 2652 219 D’iſperie, il eſt vray, je redoutois la veuë,

202 3755 2618 219 Je ſentois à ſes yeux mon ame trop émeuë,

202 3905 2271 208 J'ay voulu l’éviter, vaine précaution!

213 4073 2480 196 Par l’abſence j’ay cru vaincre ma paſſion,

208 4200 2964 242 J’ay tenu quelque temps contre de ſi doux char¬

416 4379 300 156 mes;

213 4477 2647 254 Mais enfin je la vis, elle verſoit des larmes,

213 4656 2612 237 C’eſtoit pour ſon Amant, & j'en fus offenſé,

219 4806 2653 243 D’un mouvement jaloux je me ſentis preſſé,

219 4951 2953 254 Et ſes pleurs, ſes ſoûpirs, ſa langueur, ſa triſ¬

369 5130 1861 173 teſſe,

231 5234 2467 266 Me firent vivement reſſentir ma foibleſſe,

225 5401 2941 278 Je n'en ſuis plus le maître, & malgré mes efforts

219 5546 2757 347 Je ſuccombe, Lepide, à de ſi doux transports.
