4080 6969
815 482 1701 226 TRAGEDIE.

2993 516 191 209 17

1191 708 1017 180 ERMILIE.

197 824 2854 232 Madame pouvez-vous murmurer de ſa chaîne?

209 987 2848 191 Ce Heros vous regarde & traite en ſouveraine,

215 1126 2754 209 Vôtre nom dans Zama ſeroit moins reſpecté,

215 1277 2627 209 Vous eſtes dans ton Camp en pleine liberté,

215 1434 2900 203 Sans gardes, ſans témoins, il met toute ſa gloire

226 1579 2464 209 A vous faire oublier cette triſte victoire,

238 1730 2737 209 Et ſi je m'en raporte à des regards plus doux,

226 1870 2988 249 Le ſeul reſpect n’eſt pas tout ce qu'il ſent pour

418 2061 314 174 vous.

1284 2166 860 220 ISPERIE.

232 2323 2621 214 Helas! trop attentive à mon deſtin funeſte,

226 2491 2499 226 Je ſonge à mon Amant & néglige le reſte,

238 2648 2976 191 Tous les autres objets me touchent foiblement,

244 2793 2970 232 Qu'un cœur eſt malheureux d'aimer ſi tendre¬

435 2961 390 169 ment?

244 3083 2778 215 Mais ce Prince m'oublie & j’en ſuis outragée,

249 3240 2773 221 Il n'y faut plus penſer pour en eſtre vangée,

249 3403 2354 226 Dans un lâche repos s’il eſt enſevely,

261 3559 2662 192 Il merite ma haine, ou plûtôt mon oubly;

255 3687 2976 209 Me laiſſer à long-temps languir dans l'eſclavage?

261 3856 2674 186 Eſt-ce faute d’amour, ou faute de courage?

267 4007 2790 220 Tous deux également me donnent de l’effroy,

273 4158 2743 197 S’il manque de courage eſt-il digne de moy?

267 4303 2714 192 Ce penſer contre luy me revolte, m'indigne,

273 4460 2865 191 Et s’il manque d'amour en ſera-il plus digne?

273 4605 2958 325 Mais que vois-je? eſt-ce luy? grands Dieux!...
