4080 6698
1067 513 145 285 2

1330 390 2319 296 SCIPION L’AFRICAIN,

1967 703 1023 173 AURILCAR.

1056 865 2839 212 Oüy, Seigneur, Annibal ſouhaite une entreveuë,

1045 1038 2414 201 Je viens la demander, c’eſt ſon intention

1050 1194 2644 201 Que de voir aujourd'hui le fameux Scipion;

1039 1322 2845 190 Aux plaines de Zama nous ſommes l'un & l’autre,

1039 1479 2850 189 Nôtre Armée eſt campée aſſez prés de la vôtre;

1045 1613 2347 206 Mais Annibal prétend avec luy conferer,

1045 1758 2481 178 Et je viens en ce Camp pour en déliberer,

1045 1925 2654 156 Avant que de rien faire & de rien entreprendre.

2135 2048 698 184 LEPIDE.

1045 2176 2638 196 Sans doute qu'on ne peut refuſer de l'entendre;

1045 2333 2822 212 Nous verrons aujourd'hui ces deux grands Ci¬

1190 2483 458 179 toyens,

1050 2601 2717 206 Tous deux de leur païs la gloire & les ſoûtiens,

1045 2768 2643 190 Donner ce peu de tréve à cette longue guerre,

1045 2908 2638 184 Pour décider entre-eux du deſtin de la terre,

1050 3047 2459 195 Et de leur conference on attend deſormais

1039 3198 2420 201 Le jour de la bataille, ou celuy de la paix.

1967 3343 995 190 AURILCAR.

1033 3471 2829 207 Je ne m'explique point des deſſeins de mon Maître,

1045 3628 2520 184 Il paroîtra luy-même, & les fera connoître,

1045 3778 2811 212 Il marche ſur mes pas: mais que d’heureux ſuccés,

1045 3923 2632 207 Seigneur, de Scipion ont remply les projets?

1045 4069 2604 173 La victoire en tous lieux à ſon bras enchaînée

1045 4214 2213 189 Semble de l’Univers faire la deſtinée;

1033 4348 2387 223 Jeune encor, on a vû ſes grandes actions

1039 4498 2532 196 Suivre, & même paſſer celles des Scipions,

1039 4649 2286 173 Et digne rejeton de cette illuſtre race,

1039 4789 2716 189 A vingt ans on l'a vû commander en leur place;

1022 4928 2728 207 Il nous chaſſa d’Eſpagne aprés quatre combats,

1033 5096 2543 184 Où Rome triompha par l’effort de ſon bras,

1033 5218 2555 196 Le voicy dans l'Affrique étonnée, affoiblie,

1039 5375 2191 234 Il arrache Annibal du ſein de l'Italie.
