4080 6707
1186 448 174 205 28

1555.0 391.0 2267.0 302.0 SCIPION L’AFRICAIN,

1180 665 2698 156 D’où vient que contre luy je me trouve animé?

1180 771 2799 218 Dieux! par quelles raiſons? Lucejus eſt aimé?

1175 916 2563 218 Les voila ces raiſons? & mon ame ſaiſie...

1175 1061 2183 202 Ah! je te reconnois affreuſe jalouſie,

1169 1207 2815 223 Tu viens porter la haine & le trouble en mon cœur,

1169 1352 2647 235 Et tu me fais ſentir que l’amour eſt vainqueur,

1164 1503 2815 224 Dans quel temps? dans le temps qu’Annibal va

1298 1643 571 201 paroître,

1164 1777 2753 235 Et que de mes tranſports je dois eſtre le maître,

1158 1933 2720 213 Je pouſſe des ſoûpirs, je m’égare, ah du moins

1158 2079 2552 201 De mes égaremens je n’ay point de témoins;

1152 2230 2821 218 Mais dois-je ſuccomber au panchant qui m’en¬

1287 2369 425 196 traîne,

1147 2503 2155 218 Puniſſons Iſperie en voyant Erixene,

1141 2660 2659 212 Mépriſons ſes attraits, & peut-être en ce jour

1152 2805 2273 190 Qu'Erixene ſçaura détruire cet amour:

1141 2956 2821 213 je veux rendre un hommage éclatant à ſes char¬

1281 3090 291 190 mes,

1141 3224 2821 252 Abandonnons des yeux toujours noyez de larmes,

1141 3387 2547 218 Tout le veut, la raiſon, la gloire, l’équité,

1136 3537 2591 230 Il faut par d'autre fers me mettre eu liberté.

1947 3957 1097 234 Fin du ſecond Acte.
