4080 7051
799 528 1699 229 TRAGEDIE.

3021 579 110 225 9

1040 746 1099 164 AURILCAR.

188 857 1446 247 Seigneur, c’en eſt aſſez.

1181 1028 882 188 SCIPION.

1628 1139 1499 253 Allez, je vais l’attendre,

182 1310 2751 223 Je me fais un plaiſir de le voir, de l'entendre,

182 1474 2716 206 Mais preſſez l'entreveuë où j’ay dû conſentir,

182 1645 2234 211 Et voyez Iſperie avant que de partir.

681 2397 1876 253 SCENE IV.

611 2738 2099 288 SCIPION, LEPIDE.

1263 3102 918 223 SCIPION

440 3255 2387 229 Epide, que crois-tu de cette conference

199 3237 247 423 L

435 3390 2727 276 Qu’Annibal me demande avecque tant d'inſ¬

382 3631 399 164 tance;

199 3725 2658 211 Son invincible bras, la terreur des Romains,

199 3878 2975 246 Son grand coeur, ſa conduite, & ſes vaſtes deſſeins

199 4054 2687 194 Avoient mis l’Italie aux bords du précipice,

199 4201 2658 194 Long-temps de la fortune il fixa le caprice;

194 4342 2768 217 De Trebie, & ſur tout de Cannes le malheur,

194 4506 2345 200 Monumens éternels de ſa rare valeur,

199 4665 2593 182 Sur les deux Scipions ſa derniere victoire,

205 4818 2493 176 Tout enfin a ſervy de trophée à ſa gloire:

199 4982 2787 200 Cependant ce vainqueur aprés tant de combats

205 5135 2593 176 Envoye à Scipion, & fait les premiers pas,

205 5264 2393 200 Il dément la fierté de ſon a me hautaine.

205 5405 2846 229 Que me vient propoſer ce fameux Capitaine?

199 5576 2599 194 Dieux! ſeroit-ce la paix? mon eſprit agité

217 5740 2575 259 Fremit en ce moment du ſeul mot de traité.
