<?xml version="1.0" encoding="UTF-8"?>
<alto xmlns:xsi="http://www.w3.org/2001/XMLSchema-instance"
      xmlns="http://www.loc.gov/standards/alto/ns-v4#"
      xsi:schemaLocation="http://www.loc.gov/standards/alto/ns-v4# http://www.loc.gov/standards/alto/v4/alto-4-2.xsd">
  <Description>
    <MeasurementUnit>pixel</MeasurementUnit>
    <sourceImageInformation>
      <fileName>Pradon1697_Oeuvres_bpt6k857200c_cropped_corrected_0015.png</fileName>
    </sourceImageInformation>
  </Description>
  <Tags>
    <OtherTag ID="BT7" LABEL="CustomZone" DESCRIPTION="block type CustomZone"/><OtherTag ID="BT8" LABEL="DamageZone" DESCRIPTION="block type DamageZone"/><OtherTag ID="BT9" LABEL="DigitizationArtefactZone" DESCRIPTION="block type DigitizationArtefactZone"/><OtherTag ID="BT10" LABEL="DropCapitalZone" DESCRIPTION="block type DropCapitalZone"/><OtherTag ID="BT11" LABEL="GraphicZone" DESCRIPTION="block type GraphicZone"/><OtherTag ID="BT12" LABEL="MainZone" DESCRIPTION="block type MainZone"/><OtherTag ID="BT13" LABEL="MarginTextZone" DESCRIPTION="block type MarginTextZone"/><OtherTag ID="BT14" LABEL="MusicZone" DESCRIPTION="block type MusicZone"/><OtherTag ID="BT15" LABEL="NumberingZone" DESCRIPTION="block type NumberingZone"/><OtherTag ID="BT17" LABEL="QuireMarksZone" DESCRIPTION="block type QuireMarksZone"/><OtherTag ID="BT18" LABEL="RunningTitleZone" DESCRIPTION="block type RunningTitleZone"/><OtherTag ID="BT19" LABEL="SealZone" DESCRIPTION="block type SealZone"/><OtherTag ID="BT20" LABEL="StampZone" DESCRIPTION="block type StampZone"/><OtherTag ID="BT21" LABEL="TableZone" DESCRIPTION="block type TableZone"/><OtherTag ID="BT22" LABEL="TitlePageZone" DESCRIPTION="block type TitlePageZone"/><OtherTag ID="BT283" LABEL="Title" DESCRIPTION="block type Title"/><OtherTag ID="BT284" LABEL="Decoration" DESCRIPTION="block type Decoration"/><OtherTag ID="BT285" LABEL="Stamp" DESCRIPTION="block type Stamp"/><OtherTag ID="BT286" LABEL="Damage" DESCRIPTION="block type Damage"/><OtherTag ID="BT287" LABEL="Margin" DESCRIPTION="block type Margin"/><OtherTag ID="BT288" LABEL="DropCapital" DESCRIPTION="block type DropCapital"/><OtherTag ID="BT289" LABEL="Main" DESCRIPTION="block type Main"/><OtherTag ID="BT290" LABEL="Signatures" DESCRIPTION="block type Signatures"/><OtherTag ID="BT291" LABEL="RunningTitle" DESCRIPTION="block type RunningTitle"/><OtherTag ID="BT292" LABEL="Numbering" DESCRIPTION="block type Numbering"/>
    <OtherTag ID="LT7" LABEL="CustomLine" DESCRIPTION="line type CustomLine"/><OtherTag ID="LT8" LABEL="DefaultLine" DESCRIPTION="line type DefaultLine"/><OtherTag ID="LT9" LABEL="DropCapitalLine" DESCRIPTION="line type DropCapitalLine"/><OtherTag ID="LT10" LABEL="HeadingLine" DESCRIPTION="line type HeadingLine"/><OtherTag ID="LT11" LABEL="InterlinearLine" DESCRIPTION="line type InterlinearLine"/><OtherTag ID="LT12" LABEL="MusicLine" DESCRIPTION="line type MusicLine"/><OtherTag ID="LT199" LABEL="Default" DESCRIPTION="line type Default"/><OtherTag ID="LT200" LABEL="Rubric" DESCRIPTION="line type Rubric"/>
  </Tags>
  <Layout>
    <Page WIDTH="4080"
          HEIGHT="6942"
          PHYSICAL_IMG_NR="5"
          ID="eSc_dummypage_">
      <PrintSpace HPOS="0"
                  VPOS="0"
                  WIDTH="4080"
                  HEIGHT="6942">
        <TextBlock HPOS="309.0"
                   VPOS="1318.0"
                   WIDTH="264.0"
                   HEIGHT="390.0"
                   ID="eSc_textblock_0da4c80b"
                   TAGREFS="BT288">
          <Shape><Polygon POINTS="309 1318 309 1708 573 1708 573 1318"/></Shape>
          <TextLine ID="tl_3"
                    TAGREFS="LT199"
                    BASELINE="339 1645 452 1645 539 1637" 
                    HPOS="318"
                    VPOS="1324"
                    WIDTH="220"
                    HEIGHT="347">
            <Shape><Polygon POINTS="335 1642 335 1671 532 1648 538 1631 509 1324 318 1324 335 1642"/></Shape>
	    <String CONTENT="P"
                    HPOS="318"
                    VPOS="1324"
                    WIDTH="220"
                    HEIGHT="347"></String>
          </TextLine>
        </TextBlock>
        <TextBlock HPOS="264.0"
                   VPOS="802.0"
                   WIDTH="3117.0"
                   HEIGHT="5089.0"
                   ID="eSc_textblock_d7fd5c77"
                   TAGREFS="BT289">
          <Shape><Polygon POINTS="264 802 264 5891 3381 5891 3381 802"/></Shape>
          <TextLine ID="tl_1"
                    TAGREFS="LT199"
                    BASELINE="337 1039 464 1039 1943 979 3247 963" 
                    HPOS="324"
                    VPOS="804"
                    WIDTH="2922"
                    HEIGHT="272">
            <Shape><Polygon POINTS="3223 804 1985 804 1961 821 1950 821 1898 804 1794 804 1759 827 1741 827 1637 804 1562 804 1533 833 1498 833 1151 804 1076 844 1053 844 787 815 324 861 335 1035 335 1076 1018 1035 1313 1052 1383 1018 3240 1000 3246 960 3235 804 3223 804"/></Shape>
	    <String CONTENT="EXTRAIT DV PRIVILEGE"
                    HPOS="324"
                    VPOS="804"
                    WIDTH="2922"
                    HEIGHT="272"></String>
          </TextLine>
          <TextLine ID="tl_2"
                    TAGREFS="LT199"
                    BASELINE="1447 1197 1639 1199 2071 1197" 
                    HPOS="1441"
                    VPOS="1000"
                    WIDTH="625"
                    HEIGHT="226">
            <Shape><Polygon POINTS="1446 1191 1446 1226 2060 1214 2066 1191 2054 1041 1504 1000 1498 1000 1493 1000 1487 1000 1441 1023 1446 1191"/></Shape>
	    <String CONTENT="du Roy."
                    HPOS="1441"
                    VPOS="1000"
                    WIDTH="625"
                    HEIGHT="226"></String>
          </TextLine>
          <TextLine ID="eSc_line_88625312"
                    TAGREFS="LT199"
                    BASELINE="554 1483 756 1476 766 1475 1171 1456 1307 1455 1875 1430 2075 1431 2441 1441 2831 1425 2921 1421 3249 1425" 
                    HPOS="544"
                    VPOS="1237"
                    WIDTH="2702"
                    HEIGHT="272">
            <Shape><Polygon POINTS="549 1480 549 1509 3246 1452 3246 1423 3235 1237 3061 1272 2824 1243 2685 1278 2557 1255 2529 1255 2216 1290 2089 1261 2071 1261 2042 1272 2002 1295 1967 1266 1938 1266 1938 1272 1909 1295 1649 1272 1603 1290 1545 1307 1435 1278 1417 1278 1296 1313 1255 1301 1221 1284 1197 1284 1145 1318 544 1318 549 1480"/></Shape>
	    <String CONTENT="AR Grace &amp; Privilege du Roy, donné à Paris"
                    HPOS="544"
                    VPOS="1237"
                    WIDTH="2702"
                    HEIGHT="272"></String>
          </TextLine>
          <TextLine ID="tl_4"
                    TAGREFS="LT199"
                    BASELINE="558 1626 652 1625 1570 1591 1742 1590 2022 1581 2319 1575 2731 1571 2836 1587 3049 1567 3184 1570 3250 1571" 
                    HPOS="549"
                    VPOS="1423"
                    WIDTH="2697"
                    HEIGHT="225">
            <Shape><Polygon POINTS="3148 1423 3107 1423 3096 1434 3009 1423 2974 1423 2916 1423 2864 1423 2766 1446 2760 1446 2731 1428 2691 1434 2633 1434 2575 1434 2517 1440 2459 1440 2401 1440 2291 1452 2193 1463 2158 1457 2071 1434 2066 1434 2060 1434 2054 1434 1985 1457 1956 1469 1857 1463 1620 1440 1614 1440 1608 1440 1603 1440 1603 1446 1579 1469 1562 1480 1435 1469 1278 1452 1244 1457 1232 1457 1203 1475 1163 1492 549 1486 555 1625 555 1648 3246 1602 3246 1567 3240 1434 3194 1423 3148 1423"/></Shape>
	    <String CONTENT="le vingt-uniéme Mars 1697. Signé, Par le"
                    HPOS="549"
                    VPOS="1423"
                    WIDTH="2697"
                    HEIGHT="225"></String>
          </TextLine>
          <TextLine ID="tl_5"
                    TAGREFS="LT199"
                    BASELINE="337 1784 582 1814 761 1770 991 1760 1285 1750 1554 1764 1927 1731 2015 1730 2121 1726 2239 1725 2329 1726 2505 1715 2687 1721 3125 1719 3253 1725" 
                    HPOS="329"
                    VPOS="1567"
                    WIDTH="2923"
                    HEIGHT="243">
            <Shape><Polygon POINTS="3038 1567 3020 1567 2968 1596 2957 1602 2853 1596 2401 1573 2395 1573 2390 1573 2384 1573 2384 1579 2378 1579 2361 1602 2326 1579 2320 1579 2314 1579 2309 1579 2123 1608 2037 1619 1973 1608 1846 1585 1840 1585 1834 1585 1747 1614 1695 1625 1533 1614 1371 1596 1365 1602 1307 1602 1255 1602 1151 1619 1030 1637 931 1619 891 1614 844 1614 821 1614 816 1625 775 1642 329 1631 335 1781 335 1810 2413 1747 3246 1758 3252 1723 3246 1596 3078 1567 3038 1567"/></Shape>
	    <String CONTENT="Roy en ſon Conſeil, LE FEVRE. Il eſt permis à"
                    HPOS="329"
                    VPOS="1567"
                    WIDTH="2923"
                    HEIGHT="243"></String>
          </TextLine>
          <TextLine ID="tl_6"
                    TAGREFS="LT199"
                    BASELINE="346 1931 857 1915 1003 1917 1596 1914 2260 1875 2780 1866 2880 1874 3260 1890" 
                    HPOS="335"
                    VPOS="1729"
                    WIDTH="2923"
                    HEIGHT="220">
            <Shape><Polygon POINTS="1608 1758 1550 1758 1493 1758 1435 1758 1429 1752 746 1764 740 1770 682 1787 625 1799 567 1810 509 1804 451 1799 393 1793 335 1787 341 1926 341 1949 3258 1909 3258 1885 3246 1729 1643 1752 1608 1758"/></Shape>
	    <String CONTENT="THOMAS GUILLAIN, Marchand Libraire à Paris,"
                    HPOS="335"
                    VPOS="1729"
                    WIDTH="2923"
                    HEIGHT="220"></String>
          </TextLine>
          <TextLine ID="tl_7"
                    TAGREFS="LT199"
                    BASELINE="343 2072 473 2071 787 2060 1363 2050 1457 2064 1881 2030 2031 2031 2139 2025 2602 2013 3053 2011 3265 2014" 
                    HPOS="335"
                    VPOS="1868"
                    WIDTH="2929"
                    HEIGHT="243">
            <Shape><Polygon POINTS="3223 1885 3049 1880 2992 1874 2963 1874 2951 1885 2916 1885 2685 1868 2569 1868 2413 1897 2407 1897 2349 1874 2297 1874 2239 1880 2077 1885 2048 1909 2037 1909 1990 1891 1921 1891 1880 1914 1799 1897 1782 1903 1724 1903 1655 1909 1649 1926 1174 1932 1128 1914 1047 1914 1006 1932 983 1937 868 1920 752 1920 717 1943 601 1920 567 1926 520 1926 491 1949 480 1943 422 1926 370 1926 335 1943 341 2111 3264 2042 3258 1885 3223 1885"/></Shape>
	    <String CONTENT="de faire imprimer, vendre &amp; debiter le Recueil des"
                    HPOS="335"
                    VPOS="1868"
                    WIDTH="2929"
                    HEIGHT="243"></String>
          </TextLine>
          <TextLine ID="tl_8"
                    TAGREFS="LT199"
                    BASELINE="344 2216 888 2206 1068 2205 1204 2201 1572 2199 1660 2191 1746 2185 2041 2197 2550 2164 2690 2167 3080 2166 3260 2171" 
                    HPOS="335"
                    VPOS="2036"
                    WIDTH="2923"
                    HEIGHT="202">
            <Shape><Polygon POINTS="341 2215 341 2238 3258 2192 3258 2169 3246 2036 335 2076 341 2215"/></Shape>
	    <String CONTENT="Tragedies du Sieur PRADON, pendant le temps de"
                    HPOS="335"
                    VPOS="2036"
                    WIDTH="2923"
                    HEIGHT="202"></String>
          </TextLine>
          <TextLine ID="tl_9"
                    TAGREFS="LT199"
                    BASELINE="353 2370 507 2371 1041 2375 1175 2354 1747 2335 1950 2330 2296 2319 2794 2318 3255 2319" 
                    HPOS="341"
                    VPOS="2175"
                    WIDTH="2911"
                    HEIGHT="231">
            <Shape><Polygon POINTS="2077 2192 2025 2192 1990 2221 1822 2186 1574 2227 1383 2204 1313 2204 1261 2233 1140 2204 1082 2204 1064 2221 1053 2238 908 2238 891 2227 850 2209 787 2209 763 2233 746 2244 445 2244 410 2215 353 2215 341 2221 347 2406 3246 2354 3252 2314 3235 2175 3154 2204 2569 2180 2557 2186 2523 2215 2448 2180 2343 2192 2233 2209 2077 2192"/></Shape>
	    <String CONTENT="ſix années, à compter du jour qu’elles ſeront"
                    HPOS="341"
                    VPOS="2175"
                    WIDTH="2911"
                    HEIGHT="231"></String>
          </TextLine>
          <TextLine ID="tl_10"
                    TAGREFS="LT199"
                    BASELINE="355 2518 860 2509 1592 2490 1952 2479 2130 2474 2726 2464 3000 2467 3070 2489 3254 2469" 
                    HPOS="347"
                    VPOS="2319"
                    WIDTH="2905"
                    HEIGHT="237">
            <Shape><Polygon POINTS="2835 2319 2777 2319 2725 2319 2685 2342 2667 2348 2615 2342 2448 2319 2442 2319 2245 2348 2158 2360 2106 2348 2013 2331 2008 2331 2002 2331 1996 2331 1996 2337 1979 2354 1967 2366 1632 2377 347 2377 353 2516 353 2556 3252 2499 3252 2464 3240 2337 2870 2319 2835 2319"/></Shape>
	    <String CONTENT="achevées d’imprimer pour la premiere fois, en"
                    HPOS="347"
                    VPOS="2319"
                    WIDTH="2905"
                    HEIGHT="237"></String>
          </TextLine>
          <TextLine ID="tl_11"
                    TAGREFS="LT199"
                    BASELINE="355 2668 662 2663 912 2656 1512 2643 1601 2660 2131 2623 2525 2613 2927 2613 3258 2595" 
                    HPOS="347"
                    VPOS="2470"
                    WIDTH="2905"
                    HEIGHT="248">
            <Shape><Polygon POINTS="3119 2481 3061 2487 3026 2475 2459 2470 2424 2499 2332 2499 1904 2487 1834 2522 931 2545 897 2528 879 2522 868 2522 711 2528 711 2533 706 2533 682 2556 648 2533 347 2539 353 2695 763 2690 844 2718 868 2718 868 2713 873 2713 897 2684 1047 2713 1226 2672 1250 2672 1394 2701 1724 2690 1805 2655 1956 2655 2395 2666 3252 2620 3252 2591 3240 2481 3130 2475 3119 2481"/></Shape>
	    <String CONTENT="vertu des preſentes, pendant lequel temps tres-"
                    HPOS="347"
                    VPOS="2470"
                    WIDTH="2905"
                    HEIGHT="248"></String>
          </TextLine>
          <TextLine ID="tl_12"
                    TAGREFS="LT199"
                    BASELINE="345 2814 856 2805 1516 2789 1660 2794 2176 2772 2441 2763 2780 2770 2870 2765 3270 2769" 
                    HPOS="335"
                    VPOS="2614"
                    WIDTH="2934"
                    HEIGHT="238">
            <Shape><Polygon POINTS="2621 2614 2448 2614 2372 2655 2366 2655 2280 2620 2083 2620 2071 2626 2008 2632 1979 2655 1863 2637 1840 2643 1782 2643 1695 2649 1684 2666 1620 2666 1209 2649 1145 2649 1088 2655 1047 2655 1024 2678 1006 2678 908 2655 839 2661 798 2678 763 2661 677 2661 648 2684 636 2690 335 2690 341 2852 3264 2776 3269 2765 3258 2643 2662 2649 2627 2620 2627 2614 2621 2614"/></Shape>
	    <String CONTENT="expreſſes inhibitions &amp; défenſes ſont faites à toutes"
                    HPOS="335"
                    VPOS="2614"
                    WIDTH="2934"
                    HEIGHT="238"></String>
          </TextLine>
          <TextLine ID="tl_13"
                    TAGREFS="LT199"
                    BASELINE="353 3008 911 2956 1075 2951 1581 2935 2021 2926 2177 2924 2769 2915 3265 2915" 
                    HPOS="335"
                    VPOS="2765"
                    WIDTH="2929"
                    HEIGHT="266">
            <Shape><Polygon POINTS="2476 2765 2430 2765 2401 2788 2332 2788 2141 2771 2129 2776 2013 2776 1956 2782 1875 2782 1776 2799 1701 2817 1545 2817 1510 2794 1464 2794 1446 2811 1429 2811 1348 2794 1307 2794 1284 2811 1267 2834 1070 2834 1041 2817 1001 2799 978 2799 914 2840 885 2823 844 2805 821 2805 781 2840 335 2840 347 3031 995 2979 1134 3013 1180 3008 1319 2973 1423 3002 1452 3002 1574 2961 1632 2990 1632 2996 1655 2996 1730 2956 2176 2938 2419 2967 3258 2938 3264 2909 3252 2765 2540 2776 2511 2765 2476 2765"/></Shape>
	    <String CONTENT="perſonnes de quelque qualité &amp; condition qu’elles"
                    HPOS="335"
                    VPOS="2765"
                    WIDTH="2929"
                    HEIGHT="266"></String>
          </TextLine>
          <TextLine ID="tl_14"
                    TAGREFS="LT199"
                    BASELINE="347 3114 496 3110 630 3110 762 3124 950 3103 1252 3099 1841 3075 1910 3093 2345 3066 2522 3104 2965 3062 3134 3066 3253 3039" 
                    HPOS="335"
                    VPOS="2915"
                    WIDTH="2917"
                    HEIGHT="260">
            <Shape><Polygon POINTS="3211 2915 2656 2915 2650 2927 2638 2915 2517 2915 2465 2921 2419 2921 2262 2938 2222 2921 2129 2921 2106 2956 1660 2961 1603 2950 1556 2932 1545 2938 1516 2938 1441 2979 1313 2944 1296 2944 1250 2956 1186 2979 1151 2961 1140 2950 1053 2950 1024 2956 827 2961 804 2973 694 3013 648 2973 625 2979 567 2985 526 2985 393 3008 335 2985 341 3158 596 3175 596 3170 601 3170 619 3141 1267 3118 1493 3152 1828 3100 1846 3112 1863 3129 1880 3129 3246 3066 3252 3037 3235 2915 3211 2915"/></Shape>
	    <String CONTENT="ſoient, de faire imprimer, vendre ny debiter deſ¬"
                    HPOS="335"
                    VPOS="2915"
                    WIDTH="2917"
                    HEIGHT="260"></String>
          </TextLine>
          <TextLine ID="tl_15"
                    TAGREFS="LT199"
                    BASELINE="349 3264 617 3260 1315 3244 2297 3213 2459 3233 2721 3216 3265 3195" 
                    HPOS="341"
                    VPOS="3066"
                    WIDTH="2923"
                    HEIGHT="243">
            <Shape><Polygon POINTS="2882 3071 2818 3077 2806 3089 2789 3094 2598 3094 2540 3100 2482 3094 2471 3089 2002 3083 1961 3089 1904 3089 1898 3083 1869 3112 1817 3077 1799 3077 1597 3112 1504 3123 1406 3100 1388 3100 1319 3135 1209 3100 1134 3100 908 3135 885 3123 868 3106 862 3112 804 3118 769 3118 758 3123 682 3141 659 3129 636 3112 341 3129 347 3285 966 3309 1383 3262 1446 3268 1585 3291 2297 3239 2476 3256 2592 3262 2604 3251 2644 3228 3258 3239 3264 3193 3246 3083 2957 3089 2916 3066 2882 3071"/></Shape>
	    <String CONTENT="dites Tragedies conjointement, ou ſeparé¬"
                    HPOS="341"
                    VPOS="3066"
                    WIDTH="2923"
                    HEIGHT="243"></String>
          </TextLine>
          <TextLine ID="tl_16"
                    TAGREFS="LT199"
                    BASELINE="358 3410 647 3405 760 3428 1258 3395 1796 3380 2120 3370 2526 3369 2736 3364 3273 3339" 
                    HPOS="347"
                    VPOS="3210"
                    WIDTH="2922"
                    HEIGHT="237">
            <Shape><Polygon POINTS="2829 3210 2789 3210 2731 3239 2725 3239 2667 3216 2656 3216 2569 3222 2500 3245 2471 3245 2390 3222 2309 3216 2262 3262 1776 3268 1736 3262 1603 3233 1516 3233 1498 3239 1342 3245 1342 3251 1296 3285 873 3256 775 3309 671 3309 607 3268 347 3291 353 3447 3269 3378 3269 3337 3252 3228 2951 3233 2870 3210 2829 3210"/></Shape>
	    <String CONTENT="ment, d&#x27;autre Edition que celles de l’Expo¬"
                    HPOS="347"
                    VPOS="3210"
                    WIDTH="2922"
                    HEIGHT="237"></String>
          </TextLine>
          <TextLine ID="tl_17"
                    TAGREFS="LT199"
                    BASELINE="349 3560 577 3555 665 3574 877 3555 1047 3549 1351 3546 1611 3534 2057 3521 2381 3515 2577 3514 2735 3514 2811 3550 2895 3534 3009 3514 3268 3495" 
                    HPOS="341"
                    VPOS="3355"
                    WIDTH="2923"
                    HEIGHT="243">
            <Shape><Polygon POINTS="2928 3355 2777 3384 2662 3366 2500 3366 2459 3378 2366 3395 2257 3384 2176 3372 2106 3372 1927 3413 1886 3390 1875 3378 1834 3378 1782 3384 1545 3384 1545 3390 1510 3418 1487 3401 1469 3401 1093 3436 972 3407 972 3413 885 3418 873 3436 839 3418 798 3424 752 3424 700 3447 341 3418 347 3598 1047 3569 1325 3598 1342 3580 1371 3557 1469 3598 1487 3598 1643 3551 1898 3569 2060 3540 2366 3569 2366 3563 2372 3563 2401 3528 2488 3569 3264 3546 3264 3494 3246 3366 3038 3378 2974 3355 2928 3355"/></Shape>
	    <String CONTENT="ſant, ou de ceux qui auront droit de luy, à pei¬"
                    HPOS="341"
                    VPOS="3355"
                    WIDTH="2923"
                    HEIGHT="243"></String>
          </TextLine>
          <TextLine ID="tl_18"
                    TAGREFS="LT199"
                    BASELINE="345 3708 482 3709 666 3703 1098 3698 1402 3692 1792 3672 2392 3663 2480 3684 2986 3662 3284 3668" 
                    HPOS="335"
                    VPOS="3505"
                    WIDTH="2946"
                    HEIGHT="255">
            <Shape><Polygon POINTS="3067 3505 3032 3540 3026 3540 3015 3540 2916 3523 2882 3534 2824 3546 2766 3528 2754 3540 2748 3546 2650 3546 2152 3523 2147 3523 2141 3523 2135 3523 2135 3528 2112 3551 2106 3551 2066 3551 1851 3528 1846 3528 1840 3528 1834 3528 1834 3534 1828 3534 1817 3551 1805 3563 1707 3551 1533 3534 1527 3534 1522 3534 1469 3557 1435 3569 682 3569 335 3569 341 3702 347 3760 474 3725 3281 3690 3281 3667 3275 3540 3096 3505 3067 3505"/></Shape>
	    <String CONTENT="ne de quinze cens livres d’amende, payable ſans"
                    HPOS="335"
                    VPOS="3505"
                    WIDTH="2946"
                    HEIGHT="255"></String>
          </TextLine>
          <TextLine ID="tl_19"
                    TAGREFS="LT199"
                    BASELINE="348 3858 733 3853 973 3849 1427 3840 1655 3833 2520 3812 2595 3832 2800 3808 3274 3789" 
                    HPOS="341"
                    VPOS="3667"
                    WIDTH="2928"
                    HEIGHT="220">
            <Shape><Polygon POINTS="3171 3667 2963 3667 2882 3679 2766 3690 2743 3679 2737 3673 2685 3673 2662 3696 2309 3702 2210 3673 2187 3673 2170 3690 2152 3702 2054 3673 2037 3673 1950 3708 1863 3690 1759 3679 1736 3696 1695 3719 1550 3696 1475 3690 1475 3696 1469 3696 1441 3725 1290 3702 1232 3696 1145 3702 740 3748 341 3719 347 3887 3269 3823 3269 3783 3258 3673 3217 3667 3171 3667"/></Shape>
	    <String CONTENT="déport par chacun des Contrevenans, de confiſ¬"
                    HPOS="341"
                    VPOS="3667"
                    WIDTH="2928"
                    HEIGHT="220"></String>
          </TextLine>
          <TextLine ID="tl_20"
                    TAGREFS="LT199"
                    BASELINE="349 4008 710 4004 1768 3977 2584 3984 2780 3964 2946 3963 3280 3967" 
                    HPOS="341"
                    VPOS="3823"
                    WIDTH="2934"
                    HEIGHT="220">
            <Shape><Polygon POINTS="347 4003 347 4043 3269 4003 3275 3962 3264 3823 341 3864 347 4003"/></Shape>
	    <String CONTENT="cation des Exemplaires contrefaits, &amp; de tous"
                    HPOS="341"
                    VPOS="3823"
                    WIDTH="2934"
                    HEIGHT="220"></String>
          </TextLine>
          <TextLine ID="tl_21"
                    TAGREFS="LT199"
                    BASELINE="358 4154 1302 4187 1517 4138 2215 4119 2601 4112 2990 4118 3284 4099" 
                    HPOS="347"
                    VPOS="4009"
                    WIDTH="2934"
                    HEIGHT="185">
            <Shape><Polygon POINTS="636 4009 578 4009 520 4009 462 4009 405 4009 347 4009 353 4153 353 4194 1522 4188 1527 4188 1562 4176 1649 4153 2332 4153 2355 4165 2378 4182 2384 4182 2390 4182 2395 4182 2529 4165 2586 4153 2598 4159 2627 4188 2633 4188 2638 4188 2644 4188 2650 4188 2656 4188 2691 4159 2708 4153 2968 4153 2980 4153 3026 4188 3032 4188 3038 4188 3044 4188 3049 4188 3055 4188 3096 4153 3101 4153 3275 4153 3281 4095 3269 4009 694 4009 636 4009"/></Shape>
	    <String CONTENT="dépens, dommages &amp; intereſts, &amp; autres peines por¬"
                    HPOS="347"
                    VPOS="4009"
                    WIDTH="2934"
                    HEIGHT="185"></String>
          </TextLine>
          <TextLine ID="tl_22"
                    TAGREFS="LT199"
                    BASELINE="364 4306 582 4305 866 4307 1060 4303 1345 4338 1572 4288 2030 4274 2484 4269 2662 4263 3278 4252" 
                    HPOS="353"
                    VPOS="4113"
                    WIDTH="2922"
                    HEIGHT="266">
            <Shape><Polygon POINTS="2963 4113 2957 4113 2905 4142 2870 4113 2841 4113 2841 4118 2812 4142 2731 4113 2714 4113 2650 4147 2598 4147 2309 4118 2297 4118 2239 4147 1979 4124 1967 4130 1875 4130 1701 4153 1689 4153 1626 4136 1574 4136 1522 4153 1493 4170 1365 4170 1278 4182 1105 4182 1047 4176 931 4176 873 4170 353 4170 358 4304 364 4379 445 4344 630 4373 671 4373 873 4321 920 4361 954 4361 1111 4332 1435 4361 1574 4309 1892 4338 1961 4309 2390 4327 2743 4292 2783 4321 2812 4321 2835 4298 2876 4298 3182 4332 3275 4286 3275 4251 3264 4142 2963 4113"/></Shape>
	    <String CONTENT="tées plus au long par leſdites Lettres de Privilege."
                    HPOS="353"
                    VPOS="4113"
                    WIDTH="2922"
                    HEIGHT="266"></String>
          </TextLine>
          <TextLine ID="tl_23"
                    TAGREFS="LT199"
                    BASELINE="498 4610 938 4598 1142 4597 1274 4587 1626 4582 1804 4578 1983 4573 2792 4567 3002 4568 3277 4543" 
                    HPOS="491"
                    VPOS="4396"
                    WIDTH="2784"
                    HEIGHT="237">
            <Shape><Polygon POINTS="497 4604 497 4633 3275 4575 3275 4541 3264 4437 2772 4396 2760 4396 2621 4437 2604 4448 2129 4448 2042 4408 2019 4408 2019 4413 1979 4448 1973 4442 1886 4413 1863 4413 1863 4419 1822 4454 1718 4413 1695 4413 1695 4419 1666 4448 1655 4454 1186 4425 1122 4454 1088 4466 908 4425 694 4431 665 4454 636 4471 491 4460 497 4604"/></Shape>
	    <String CONTENT="Regiſtré ſur le Livre de la Communauté des Im¬"
                    HPOS="491"
                    VPOS="4396"
                    WIDTH="2784"
                    HEIGHT="237"></String>
          </TextLine>
          <TextLine ID="tl_24"
                    TAGREFS="LT199"
                    BASELINE="353 4792 505 4758 1020 4773 1607 4738 1767 4729 1931 4727 2231 4722 2395 4719 2517 4719 2852 4747 3017 4718 3279 4712" 
                    HPOS="341"
                    VPOS="4570"
                    WIDTH="2934"
                    HEIGHT="231">
            <Shape><Polygon POINTS="347 4789 347 4801 3275 4743 3275 4708 3258 4570 341 4628 347 4789"/></Shape>
	    <String CONTENT="primeurs &amp; Libraires de la Ville de Paris, le 26."
                    HPOS="341"
                    VPOS="4570"
                    WIDTH="2934"
                    HEIGHT="231"></String>
          </TextLine>
          <TextLine ID="tl_25"
                    TAGREFS="LT199"
                    BASELINE="370 4908 674 4907 1126 4897" 
                    HPOS="358"
                    VPOS="4761"
                    WIDTH="764"
                    HEIGHT="219">
            <Shape><Polygon POINTS="1053 4772 995 4772 937 4772 879 4772 821 4766 787 4766 740 4778 665 4795 590 4784 491 4761 474 4766 416 4778 358 4789 364 4905 364 4946 532 4980 538 4980 544 4980 619 4957 694 4934 1116 4969 1122 4894 1111 4772 1053 4772"/></Shape>
	    <String CONTENT="Mars .1695."
                    HPOS="358"
                    VPOS="4761"
                    WIDTH="764"
                    HEIGHT="219"></String>
          </TextLine>
          <TextLine ID="tl_26"
                    TAGREFS="LT199"
                    BASELINE="1412 5043 1723 5036 1909 5037 2769 5023 3289 5016" 
                    HPOS="1400"
                    VPOS="4847"
                    WIDTH="1887"
                    HEIGHT="243">
            <Shape><Polygon POINTS="1406 5038 1406 5090 3078 5090 3078 5085 3287 5044 3287 5015 3275 4876 3142 4847 3136 4847 2806 4876 2801 4876 2760 4847 2754 4847 2748 4847 2743 4847 2737 4847 2673 4876 2482 4853 2476 4853 1400 4888 1406 5038"/></Shape>
	    <String CONTENT="Signé P. AUBOUIN, Syndic."
                    HPOS="1400"
                    VPOS="4847"
                    WIDTH="1887"
                    HEIGHT="243"></String>
          </TextLine>
          <TextLine ID="tl_27"
                    TAGREFS="LT199"
                    BASELINE="507 5288 938 5286 1687 5269 2045 5264 2229 5262 2833 5252 3109 5250 3289 5247" 
                    HPOS="497"
                    VPOS="5073"
                    WIDTH="2790"
                    HEIGHT="278">
            <Shape><Polygon POINTS="503 5287 503 5333 1145 5310 1267 5345 1533 5316 1794 5351 1915 5327 2100 5299 2448 5339 2650 5333 2760 5287 2835 5327 3287 5322 3287 5246 3281 5096 3188 5073 3171 5073 3078 5113 3073 5102 3049 5085 3049 5079 2876 5079 2876 5085 2847 5108 2841 5119 2667 5119 2598 5085 2575 5085 2575 5090 2540 5119 2378 5096 2176 5125 2158 5125 2054 5096 2042 5096 1840 5131 1782 5137 1134 5108 995 5148 983 5148 902 5113 885 5113 816 5148 810 5154 792 5154 665 5119 653 5119 497 5154 503 5287"/></Shape>
	    <String CONTENT="Achevé d’imprimer pour la premiere fois le"
                    HPOS="497"
                    VPOS="5073"
                    WIDTH="2790"
                    HEIGHT="278"></String>
          </TextLine>
          <TextLine ID="tl_28"
                    TAGREFS="LT199"
                    BASELINE="371 5482 827 5438 1167 5427 1560 5411" 
                    HPOS="358"
                    VPOS="5281"
                    WIDTH="1198"
                    HEIGHT="232">
            <Shape><Polygon POINTS="1111 5281 1064 5281 1053 5299 1035 5299 908 5281 879 5287 868 5287 862 5287 850 5304 839 5322 781 5310 688 5287 682 5287 358 5322 370 5478 370 5513 1180 5449 1550 5455 1556 5408 1539 5281 1192 5299 1174 5293 1145 5281 1111 5281"/></Shape>
	    <String CONTENT="premier Avril 1697."
                    HPOS="358"
                    VPOS="5281"
                    WIDTH="1198"
                    HEIGHT="232"></String>
          </TextLine>
          <TextLine ID="tl_29"
                    TAGREFS="LT199"
                    BASELINE="492 5756 677 5751 1027 5761 1279 5755 1681 5737 2031 5752" 
                    HPOS="486"
                    VPOS="5542"
                    WIDTH="1539"
                    HEIGHT="364">
            <Shape><Polygon POINTS="491 5750 491 5906 833 5860 925 5894 949 5900 954 5906 1238 5906 1238 5900 1250 5900 1319 5860 1909 5894 2025 5854 2019 5542 1695 5542 1550 5599 1441 5559 1417 5559 1417 5565 1377 5605 1296 5605 1238 5553 1238 5547 1209 5547 1209 5553 1157 5605 972 5605 920 5565 891 5565 833 5605 648 5605 567 5542 544 5542 486 5559 491 5750"/></Shape>
	    <String CONTENT="Le prix eſt vingt ſols."
                    HPOS="486"
                    VPOS="5542"
                    WIDTH="1539"
                    HEIGHT="364"></String>
          </TextLine>
        </TextBlock>
      </PrintSpace>
    </Page>
  </Layout>
</alto>
