4080 6673
1018 361 217 228 22

1302 355 2338 245 SCIPION L’AFRICAIN,

1525 1067 1803 312 SCENE III.

1230 1484 2393 262 ISPERIE, ERMILIE.

2037 1796 835 228 ISPERIE.

1308 2090 2393 206 Preſent je reſpire! il a rempli mes vœux,

1013 2107 239 328 A

1274 2252 2460 205 Cet Amant que je vois fidelle & genereux,

1001 2396 2839 200 De tant de mouvemens dont j’avois l'ame atteinte,

1001 2546 2583 173 Il ne me reſte plus que l’amour & la crainte;

996 2680 2839 189 Mais helas! quelle eſt vive & ſenſible à mon cœur?

990 2847 2655 172 Je ſens mille tranſports de joye & de douleur,

1001 2969 2722 228 Il eſt digne de moy, je dois trop le connoître;

996 3119 2432 217 Mais il va s'expoſer, & perira peut-eſtre;

1001 3269 2427 167 Que dis-je, ſon amour va tenter un effort

1001 3414 2438 200 Qui luy fera trouver Scipion & la mort;

996 3553 2638 200 Juſtes Dieux! détournez ce funeſte présage!

996 3709 2544 183 Inſpirez Annibal pour la paix de Cartage!

1001 3853 2472 184 C'eſt ma ſeule eſperance en cette occaſion,

1001 3987 2388 250 Et ſur tout portez-y le cœur de Scipion:

1001 4137 1503 239 Il vient, que me veut-il?
