4080 6996
893 460 1669 233 TRAGEDIE.

3134 530 105 216 3

274 734 2650 157 Et contraint ce Heros de voler en ces lieux,

274 833 2813 233 Pour défendre à ſon tour ſa patrie & ſes Dieux.

1278 1026 811 227 LEPIDE.

274 1241 2965 239 S’il acheve, Seigneur, cette heureuſe campagne,

268 1416 2866 193 Dans l'Affrique il fera ce qu'il fit en Eſpagne:

268 1562 2971 198 Un des plus puiſſans Rois qui fut dans l’Univers,

262 1719 2463 210 L’infidelle Syphax a pery dans ſes fers,

262 1888 2779 187 Aſdrubal & Xantus ont perdu trois batailles,

262 2040 2854 187 Cartage va nous voir au pied de ſes murailles,

262 2180 2779 181 Cette ſuperbe ville eſt contrainte aujourd'hui

262 2332 2703 209 D’appeller Annibal pour luy ſervir d’appuy,

268 2477 2883 187 Scipion la menace, & l’on voit ce grand homme

268 2623 2831 210 Luy rendre tout l’effroy qu’Annibal fit à Rome.

1202 2786 1103 181 AURILCAR.

256 2903 2674 233 Il vient de ſes ſuccés interrompre le cours,

256 3089 2528 169 Et promet à l’Affrique un fidele ſecours.

268 3241 2971 198 Son nom ſeul raffermit nos Provinces craintives;

256 3381 2866 198 Mais puis-je m’informer des illuſtres captives

256 3532 2983 199 Que Zama pris d’aſſaut vit tomber dans vos fers;

256 3684 2504 198 La Niéce d’Annibal les a-t-elle ſouffers?

262 3830 2662 204 Et la Fille d’Hannon, la ſuperbe Erixene,

256 3993 2679 192 S'eſt-elle accoûtumée à porter une chaîne?

1324 4133 783 192 LEPIDE.

256 4267 2971 239 Que leur chaîne, Seigneur, eſt facile à porter?

250 4436 2604 210 Elles ont des vertus qui les font reſpecter,

250 4588 2709 215 Au Camp de Scipion elles ſont ſouveraines,

256 4739 2925 210 Il les traite bien moins en eſclaves qu’en Reines,

250 4885 2785 222 Il n’a plus de fierté ſi-tôt qu’il eſt vainqueur,

256 5037 2510 192 Sa bonté, ſa clemence égalent ſa valeur;

250 5188 2954 233 Oüy, ſon bras aux vaincus ne fut jamais funeſte,

250 5340 2557 204 La victoire ne ſert qu'à le rendre modeſte,

250 5486 2411 215 Egal dans la fortune & dans l’adverſité,

256 5643 2452 274 Il n’eſt jamais ſuperbe en la proſperité.

2463 5818 268 233 A ij
