4080 7051
886 432 1459 231 PREFACE

188 658 2969 293 Il me ſemble même que Scipion au¬

176 887 2986 317 roit bien douté de ſa vertu, & du

170 1169 2992 317 pouvoir qu’il avoit ſur luy de n’oſer

182 1451 2986 288 voir une tres-belle perſonne, de peur

176 1709 2969 288 d’en être tenté. Comme l'Hiſtoire

176 1997 2969 276 ne nomme point cette belle captive,

158 2232 2993 347 je la fais Niéce d’Annibal, pour

158 2526 2975 300 donner un plus grand contraſte à l’a¬

158 2802 2975 282 mour de Scipion qu'il combat, &

152 3061 2981 299 dont enfin il triomphe, & je puis di¬

152 3337 2987 335 re que cette action a plû trop gene¬

158 3619 2969 276 ralement dans le cinquiéme Acte

117 3866 3004 311 pour me repentir de l'avoir fait. Il

99 4136 3016 329 y a des gens qui s'étonnent qu'An¬

135 4418 2974 259 nibal vienne demander la Paix

141 4694 2957 300 avecque une aſſez groſſe Armée;

129 4970 2975 288 mais il n'eſt pas permis d’ignorer un

117 5200 2981 358 fait hiſtorique auſſi connu que celuy-

123 5488 2975 317 là. Il eſt conſtant qu'Annibal fut

170 5781 2951 347 rapellé par le Senat de Cartage pour
