4080 6707
1001 553 2832 302 défendre ſa patrie, qu'il quitta l'I¬

1001 816 2827 301 talie, qu’il revint en Afrique, &

996 1056 2848 335 qu’il y trouva les affaires en un ſi

990 1330 2838 302 mauvais état, qu'il n’eût point d’au¬

985 1609 2848 285 tre party à prendre pour ſauver

990 1866 2832 280 Cartage, que celuy de demander la

979 2107 2837 268 Paix; mais il la demande d’une ma¬

973 2375 2843 285 niere aſſez noble, cette Scene a

979 2632 2832 307 toujours paru tres-belle, & tres-

968 2889 2860 296 bien conduites; Je ne doute point qu'il

968 3174 2854 263 n’y ait bien des choſes qui auroient

945 3426 2866 251 pû être mieux dans cette Piece, mais

951 3649 2860 341 je ne ſuis pas infaillible, & je ne don¬

951 3923 2865 319 ne point cecy pour un ouvrage ache¬

962 4191 2838 302 vé. Il ſuffit qu’il ait réuſſi, pour en

951 4476 2893 274 devoir être content, & pour m’en¬

951 4722 2865 246 courager à travailler à l'avenir

957 4957 2848 347 avec encor plus de ſoin & plus d'e¬

912 5203 895 335 xactitude.

1768 368 1444 207 PREFACE.
