4080 7154
775 469 1837 234 TRAGEDIE.

3071 494 215 215 29

721 1436 2088 370 ACTE III.

256 1830 2935 411 SCENE PREMIERE

674 2259 2242 280 ERIXENE, BARCE'.

1395 2658 770 203 BARCE'.

1031 2778 2273 274 ANDis que Scipîon fait ranger fon ar-

1163 2986 364 191 mée,

1025 3082 2285 256 Que pour en ſoûtenir l'éclat, la re¬

423 2807 489 764 T

1198 3332 519 149 nommée

1043 3404 2261 226 lien veut étaler la pompe à ſon rival,

268 3565 2905 262 (Spectacle digne enfin des regards d’Annibal)

262 3743 2857 203 En attendant qu’icy nous le voyons paroître,

262 3892 2833 203 De grace, aprenez-moy ſi ce ſuperbe maître,

268 4065 2786 185 Ce fameux Scipion qui marchoit ſur vos pas

274 4220 2529 179 A rendu les reſpects qu’il doit à vos apas;

274 4363 2732 185 Ouy, ſon front deſarmé de la fierté Romaine

280 4507 2732 208 Sembloit le préparer à porter votre chaîne;

286 4662 2738 226 Loin de vous par reſpect je n'ay pas entendu

292 4822 2469 197 Aſſez diſtinctement cet homage rendu:

286 4977 3042 215 Mais helas! je vous vois les yeux pleins de triſteſſe,

286 5138 3042 209 A cacher vos chagrins vous mettez vôtre adreſſe,

286 5293 3048 197 Vous ne répondez rien, vous devorez vos pleurs,

292 5454 1539 233 Madame, & ce ſilence...

1318 5603 960 209 ERIXENE.

1688 5741 1616 268 Aprens tous mes malheur,

2558 5937 317 281 C iij
