4080 6648
1158 304 177 244 6

1446 332 2280 271 SCIPION L’AFRICAIN,

1141 576 2634 188 Et quand il s'aperçoit du trouble de ſon ame,

1136 642 2389 255 Il ſemble s’indigner de ſa naiſſante flâme,

1136 792 2705 260 Il fremit de ſentir l’amour qu’il veut dompter,

1130 936 2561 244 Et que tout ſon courage a peine à ſurmonter.

1130 1085 2639 244 Voila le plan d’un cœur difficile à connoître;

1130 1229 2728 250 Mais pour aprofondir qui peut en eſtre maître,

1119 1379 2739 227 Je ſçay trop qu’Iſperie a des charmes puiſſans,

1125 1517 2694 239 Que ſa beauté d’abord peut enchanter les ſens,

1114 1656 2666 233 Mais à ſon cher Amant elle eſt trop attachée,

1114 1800 2727 283 Et par nul autre objet n’en peut eſtre arrachée,

1114 1938 1142 228 Scipion le connoît.

2023 2088 970 227 AURILCAR.

1884 2232 1763 244 Madame, & plût aux Dieux!

1103 2393 2832 244 Que ce Vainqueur ſentit le pouvoir de vos yeux?

2112 2548 842 177 ERIXENE.

1086 2642 2833 288 Je ne m'en flatte point, mais ſans eſtre trop vaine,

1092 2814 2710 238 Scipion ſans rougir pouroit porter ma chaîne,

1092 2963 2827 239 Que dis-je? ce Heros, le plus grand des mortels,

1086 3102 2206 227 A qui Rome déja conſacre des Autels,

1069 3240 2833 250 D'un cœur tel que le mien peut devenir le maître,

1075 3384 2639 239 Et s'il n’eſt mon Amant il eſt digne de l'eſtre.

1080 3528 2467 228 Peut-eſtre j'en dis trop, & j’avouë à regret

1075 3673 2716 232 Un foible, dont mon cœur me faiſoit un ſecret;

1069 3817 2822 282 Mais quoy? Si l’on faiſoit la paix avec Cartage,

1069 3950 2816 277 Plût au Ciel! que l’amour en ébauchât l’ouvrage,

1058 4088 2706 260 Et du moins je voudrois pour flater ma fierté,

1064 4249 2511 221 Que l'heureuſe Erixene eût part à ce traité.

1064 4393 2683 299 Adieu, Scipion vient, & vous allez l’entendre.
