4080 6534
1100 446 147 191 4

1356 386 2331 278 SCIPION L’AFRICAIN,

1094 620 2288 191 La Niéce d’Annibal, l’adorable Iſperie,

1094 724 2375 217 Fit briller tant d’éclat & tant de modeſtie

1094 860 2375 223 Qu'il en fut ébloüy: mais enfin ſa beauté

1089 1018 2571 228 Porte un charme ſecret dont on eſt enchanté.

1089 1154 2206 223 Au Prince Lucejus elle ſe vit promiſe,

1089 1290 2577 240 Il devoit l’épouſer quand Zama fut ſurpriſe;

1078 1448 2195 201 Ce jour infortuné ſi funeſte pour eux

1089 1579 2675 217 Sépara ces Amans ſur le point d’eſtre heureux:

1078 1715 2718 228 Elle ignore où ce Prince a ſçû porter ſes armes,

1073 1862 2794 234 Et ſouvent ſes beaux yeux pour luy verſent des

1280 1998 452 174 larmes:

1073 2145 2696 218 Mais, Seigneur, Erixene en ce lieu doit venir,

1078 2286 2244 218 Scipion luy permet de vous entretenir,

1056 2406 2800 278 Je vois qu’elle s’avance, & vous laiſſe avecque elle.

1655 3147 1678 277 SCENE II.

1062 3446 2767 321 ERIXENE, BARSE', AURILCAR.

2037 3816 833 224 ERIXENE.

1345 4094 2500 262 N nous vient d’annoncer une grande nouvelle,

1345 4241 2233 234 Annibal en Affrique eſt enfin de retour.

1950 4399 975 202 AURILCAR.

1051 4530 2642 234 Vous le verrez, Madame, avant la fin du jour.

1999 4693 926 191 ERIXENE.

1040 4780 2680 272 Je ſçay que dans l'état où l’Affrique eſt reduite,

1045 4954 2430 235 Elle n’eſpere plus qu’en ſa ſeule conduite;

1045 5091 2610 250 Ne me deguiſez rien ſur ſes nouveaux projets,

1040 5232 2685 321 Je prévois, Aurilcar, qu’ils tendent à la paix.

1067 4116 229 321 O
