4080 7015
854 444 1803 239 TRAGEDIE.

3184 409 105 362 5

1235 678 1077 175 AURILCAR.

286 795 2670 228 Vous avez penetré ce que veut ſa prudence,

280 958 2600 217 Une paix de Cartage eſt l'unique eſperance;

286 1093 2869 222 Mais, Madame, que dit, & que fait Scipion?

304 1268 2628 199 Son jeune cœur n'a-t-il que de l'ambition?

298 1426 2769 181 Les charmes d'Erixene, ou les yeux d’Iſperie

292 1572 2974 216 N'ont-ils pû rendre encor ſa grande ame attendrie?

304 1724 802 251 Pardonnez...

1270 1829 954 240 ERIXENE.

1404 1999 1879 257 Apprenez un ſecret important,

304 2168 2464 211 Sans doute Scipion n’eſt plus indifferent.

298 2326 2909 205 Depuis peu dans ſon Camp ſa flâme eſt allumée.

298 2484 2687 193 Bien que ſa paſſion dans ſon cœur renfermée

298 2642 2751 187 Prenne ſoin à nos yeux toujours de ſe cacher,

304 2782 2780 193 Qu’il faſſe des efforts en vain pour l’arracher,

298 2934 2991 199 J’ay connu cependant, même par ſa contrainte,

304 3086 2681 199 Que d’un feu violent ſon ame étoit atteinte.

1270 3232 1094 187 AURILCAR.

316 3355 2774 234 Il faut d'un tel ſecret qu'Annibal ſoit inſtruit,

310 3548 2681 181 Sa prudence pouroit en tirer quelque fruit;

304 3688 2376 199 Car ſi de Scipion on fléchit le courage,

310 3840 2610 205 Il pouroit s’adoucir en faveur de Cartage.

310 3992 2850 222 Hé quoy? ſi de l’amour il reſſentoit les coups?

310 4144 2622 199 Et s’il étoit charmé d’Iſperie, ou de vous,

321 4296 2611 211 Sans doute que la paix en ſeroit plus facile.

1299 4442 919 193 ERIXENE.

321 4565 2681 228 À connoître les cœurs je ne ſuis pas habile;

316 4746 2874 222 Mais j’ay crû dêmeſler dans ſon trouble ſecret,

327 4898 2927 205 Qu'il aime une des deux, & qu'il l’aime à regret;

327 5056 2992 205 Plus j'obſerve pour nous ſes yeux & ſa conduite,

327 5196 3003 205 Plus je vois qu’il nous cherche alors qu’il nous

503 5354 357 176 évite;

333 5477 2991 246 Quand il nous voit enſemble il demeure interdit,

327 5658 2541 328 Il rougit quelquefois de honte & de dépit

2552 5857 322 222 A iij
