4080 6924
496 1159 2181 416 PREFACE.

906 1586 2192 323 l le ſuccés d'un Ouvrage

906 1846 2192 329 doit le défendre contre la

248 1644 507 721 S

917 2152 2187 300 critique, & ſi la premiere

213 2359 2903 387 & la plus infaillible regle du Thea¬

213 2659 2914 335 tre eſt celle de plaire, j'oſe dire que

207 2925 2909 340 Scipion l'Africain ayant eu ce bon¬

201 3179 2932 352 heur, je pourois me diſpenſer de ré¬

167 3462 2960 351 pondre aux critiques qu’on en a fai¬

225 3744 2925 300 tes. Cependant ſans me prévaloir

219 4004 2926 329 des aplaudiſſemens que le public luy

230 4281 2920 300 a donnez, je vais tâcher en peu de

230 4523 2920 329 mots d'en juſtifier la conduite. On

236 4800 2920 317 me reproche d’avoir fait Scipion

242 5094 2914 295 amoureux; mais je ſoûtiens que le

248 5331 2920 329 mettant ſur la Scene, j'ay dû luy

236 5596 2920 375 donner ce caractere, qui releve ſon

2331 5914 265 277 ã ij
