4080 6960
899 400 1689 301 TRAGEDIE.

3075 429 209 267 27

1375 696 859 150 ISPERIE.

1491 806 1579 185 Il faut bien que je pleure,

313 945 2966 226 Puiſque par cet Arreſt vous voulez que je meure?

319 1119 2443 186 Vous ſerez ſatisfait, cet ordre rigoureux

313 1258 2850 203 Dans peu fera perir deux Amans malheureux,

319 1421 2965 197 Nous avions dans la paix encor quelque eſperance,

307 1571 2960 186 Mais vous voulez de Rome achever la vangeance.

307 1693 2977 249 Achevez-là, Seigneur, mais du moins le trépas,

313 1861 2565 209 Au defaut de la paix ne nous manquera pas.

934 2581 1741 319 SCENE V.

1091 2975 1363 261 SCIPION ſeul.

551 3149 2739 255 Lle fort, juſte Ciel! & ſes yeux pleins de larmes

330 3213 215 359 E

533 3352 2757 226 Attendriſſent mon cœur, & m’arrachent les

528 3520 441 186 armes,

325 3630 2756 238 Je ſuis prêt d’oublier ma gloire, mes projets,

325 3798 2762 227 Et preſqu’en ce moment je conſens à la paix;

336 3943 2856 204 Ouy, puiſqu'elle le veut, il faut finir la guerre,

330 4112 2972 191 En rendre un plein repos, un plein calme à la terre;

330 4251 2908 197 Mais quel triſte penſer me frape en ce moment?

336 4402 2780 191 Elle ne veut la paix que pour voir ſon Amant,

330 4541 2966 238 Que pour combler ſes vœux d’un heureux hyme¬

493 4727 278 185 née,

325 4843 2275 203 Et j'en avancerois la fatale journée?

336 4999 2850 221 C’eſt donc pour Lucejus qu'elle aſpire à la paix:

336 5144 2966 226 Qu’elle l’aime grands Dieux! grands Dieux que

504 5336 610 185 je le hais?

325 5452 2971 237 Mais pourquoy ſon nom ſeul me fait-il de la peine?

330 5602 2856 279 D'où vient que Lucejus eſt l’objet de ma haine?

2553 5788 244 249 C ij
