4080 6924
831 403 1731 266 TRAGEDIE.

2971 454 197 192 15

646 1350 2077 392 ACTE II.

219 1771 2897 421 SCENE PREMIERE.

582 2192 2291 329 ISPERIE, ERMILIE.

1269 2567 843 231 ISPERIE

957 2827 2245 271 ANGUIRAIS-JE toujours en des crain¬

1154 3040 888 191 tes mortelles

957 3156 2251 219 Du Prince Lucejus on n'a point de

259 2908 554 721 L

1165 3340 652 197 nouvelles,

963 3438 2245 243 Aurilcar m'a parlé ſans m'avoir rien

1171 3658 369 202 appris

248 3756 2654 225 Qui puiſſe redonner le calme à mes eſprits;

253 3923 2955 202 Il m’apprend qu’Annibal, ce Heros que j'honore,

248 4073 2937 214 Viendra; mais Lucejus ne paroit point encore;

253 4235 2436 184 Devoit-il pas aller au devant de ſes pas?

253 4362 2955 225 Le joindre dans ſon Camp, y mener ſes ſoldats?

259 4523 2753 202 Que fait-il? en quels lieux avec indifference,

259 4662 2949 207 Depuis deux mois entiers ſouffre-t-il mon abſence?

259 4829 2568 185 Il n’oſe rien tenter, il n’a rien entrepris,

265 4962 2949 207 Sans doute que mon cœur eſt d’un trop foible prix;

277 5135 2325 202 Et ne devoit-il pas au peril de ſa teſte,

271 5291 2273 184 Ravir à Scipion une telle conqueſte;

271 5435 2677 196 Il n’a rien fait encor pour me prouver ſa foy,

259 5585 2493 311 Je ne merite pas qu’il s'expoſe pour moy.

2429 5746 289 231 B ij
