<?xml version="1.0" encoding="UTF-8"?>
<alto xmlns:xsi="http://www.w3.org/2001/XMLSchema-instance"
      xmlns="http://www.loc.gov/standards/alto/ns-v4#"
      xsi:schemaLocation="http://www.loc.gov/standards/alto/ns-v4# http://www.loc.gov/standards/alto/v4/alto-4-2.xsd">
  <Description>
    <MeasurementUnit>pixel</MeasurementUnit>
    <sourceImageInformation>
      <fileName>Pradon1697_Oeuvres_bpt6k857200c_cropped_corrected_0024.png</fileName>
    </sourceImageInformation>
  </Description>
  <Tags>
    <OtherTag ID="BT7" LABEL="CustomZone" DESCRIPTION="block type CustomZone"/><OtherTag ID="BT8" LABEL="DamageZone" DESCRIPTION="block type DamageZone"/><OtherTag ID="BT9" LABEL="DigitizationArtefactZone" DESCRIPTION="block type DigitizationArtefactZone"/><OtherTag ID="BT10" LABEL="DropCapitalZone" DESCRIPTION="block type DropCapitalZone"/><OtherTag ID="BT11" LABEL="GraphicZone" DESCRIPTION="block type GraphicZone"/><OtherTag ID="BT12" LABEL="MainZone" DESCRIPTION="block type MainZone"/><OtherTag ID="BT13" LABEL="MarginTextZone" DESCRIPTION="block type MarginTextZone"/><OtherTag ID="BT14" LABEL="MusicZone" DESCRIPTION="block type MusicZone"/><OtherTag ID="BT15" LABEL="NumberingZone" DESCRIPTION="block type NumberingZone"/><OtherTag ID="BT17" LABEL="QuireMarksZone" DESCRIPTION="block type QuireMarksZone"/><OtherTag ID="BT18" LABEL="RunningTitleZone" DESCRIPTION="block type RunningTitleZone"/><OtherTag ID="BT19" LABEL="SealZone" DESCRIPTION="block type SealZone"/><OtherTag ID="BT20" LABEL="StampZone" DESCRIPTION="block type StampZone"/><OtherTag ID="BT21" LABEL="TableZone" DESCRIPTION="block type TableZone"/><OtherTag ID="BT22" LABEL="TitlePageZone" DESCRIPTION="block type TitlePageZone"/><OtherTag ID="BT283" LABEL="Title" DESCRIPTION="block type Title"/><OtherTag ID="BT284" LABEL="Decoration" DESCRIPTION="block type Decoration"/><OtherTag ID="BT285" LABEL="Stamp" DESCRIPTION="block type Stamp"/><OtherTag ID="BT286" LABEL="Damage" DESCRIPTION="block type Damage"/><OtherTag ID="BT287" LABEL="Margin" DESCRIPTION="block type Margin"/><OtherTag ID="BT288" LABEL="DropCapital" DESCRIPTION="block type DropCapital"/><OtherTag ID="BT289" LABEL="Main" DESCRIPTION="block type Main"/><OtherTag ID="BT290" LABEL="Signatures" DESCRIPTION="block type Signatures"/><OtherTag ID="BT291" LABEL="RunningTitle" DESCRIPTION="block type RunningTitle"/><OtherTag ID="BT292" LABEL="Numbering" DESCRIPTION="block type Numbering"/>
    <OtherTag ID="LT7" LABEL="CustomLine" DESCRIPTION="line type CustomLine"/><OtherTag ID="LT8" LABEL="DefaultLine" DESCRIPTION="line type DefaultLine"/><OtherTag ID="LT9" LABEL="DropCapitalLine" DESCRIPTION="line type DropCapitalLine"/><OtherTag ID="LT10" LABEL="HeadingLine" DESCRIPTION="line type HeadingLine"/><OtherTag ID="LT11" LABEL="InterlinearLine" DESCRIPTION="line type InterlinearLine"/><OtherTag ID="LT12" LABEL="MusicLine" DESCRIPTION="line type MusicLine"/><OtherTag ID="LT199" LABEL="Default" DESCRIPTION="line type Default"/><OtherTag ID="LT200" LABEL="Rubric" DESCRIPTION="line type Rubric"/>
  </Tags>
  <Layout>
    <Page WIDTH="4080"
          HEIGHT="6682"
          PHYSICAL_IMG_NR="14"
          ID="eSc_dummypage_">
      <PrintSpace HPOS="0"
                  VPOS="0"
                  WIDTH="4080"
                  HEIGHT="6682">
        <TextBlock HPOS="1135.0"
                   VPOS="390.0"
                   WIDTH="183.0"
                   HEIGHT="240.0"
                   ID="eSc_textblock_884993e9"
                   TAGREFS="BT292">
          <Shape><Polygon POINTS="1135 390 1135 630 1318 630 1318 390"/></Shape>
          <TextLine ID="tl_1"
                    TAGREFS="LT199"
                    BASELINE="1196 587 1275 587 1352 588" 
                    HPOS="1192"
                    VPOS="373"
                    WIDTH="156"
                    HEIGHT="233">
            <Shape><Polygon POINTS="1304 395 1248 395 1192 395 1192 584 1192 606 1348 606 1348 584 1348 378 1304 373 1304 395"/></Shape>
	    <String CONTENT="8"
                    HPOS="1192"
                    VPOS="373"
                    WIDTH="156"
                    HEIGHT="233"></String>
          </TextLine>
        </TextBlock>
        <TextBlock HPOS="1501.0"
                   VPOS="424.0"
                   WIDTH="2327.0"
                   HEIGHT="264.0"
                   ID="eSc_textblock_916174da"
                   TAGREFS="BT291">
          <Shape><Polygon POINTS="1501 424 1501 688 3828 688 3828 424"/></Shape>
          <TextLine ID="eSc_line_22859bd7"
                    TAGREFS="LT199"
                    BASELINE="1501 591 2375 605 3796 669" 
                    HPOS="1493"
                    VPOS="417"
                    WIDTH="2302"
                    HEIGHT="284">
            <Shape><Polygon POINTS="3656 428 3087 428 3054 439 3015 428 2809 428 2792 434 2781 428 2686 428 2680 434 2653 428 1555 428 1499 417 1499 590 1493 623 2257 623 2324 651 2352 651 2458 629 3784 701 3795 668 3795 473 3656 428"/></Shape>
	    <String CONTENT="SCIPION L’AFRICAIN,"
                    HPOS="1493"
                    VPOS="417"
                    WIDTH="2302"
                    HEIGHT="284"></String>
          </TextLine>
        </TextBlock>
        <TextBlock HPOS="1112.0"
                   VPOS="676.0"
                   WIDTH="2956.0"
                   HEIGHT="4997.0"
                   ID="eSc_textblock_42a5d361"
                   TAGREFS="BT289">
          <Shape><Polygon POINTS="1146 676 1112 5593 3976 5673 4068 687"/></Shape>
          <TextLine ID="tl_2"
                    TAGREFS="LT199"
                    BASELINE="1199 744 1330 739 1524 748 1890 748 2194 757 2435 767 2725 772 2879 773 3193 778 3729 807" 
                    HPOS="1192"
                    VPOS="679"
                    WIDTH="2536"
                    HEIGHT="156">
            <Shape><Polygon POINTS="3427 684 2948 684 2915 690 2887 690 2876 684 2647 684 2591 679 1226 679 1198 740 1192 762 3717 835 3728 801 3723 707 3455 684 3427 684"/></Shape>
	    <String CONTENT="Et les ayant tous mis dans la juſte balance,"
                    HPOS="1192"
                    VPOS="679"
                    WIDTH="2536"
                    HEIGHT="156"></String>
          </TextLine>
          <TextLine ID="tl_3"
                    TAGREFS="LT199"
                    BASELINE="1194 884 1345 889 1663 888 1770 894 1954 897 2093 898 2301 903 2731 912 2816 938 3656 948" 
                    HPOS="1187"
                    VPOS="740"
                    WIDTH="2463"
                    HEIGHT="223">
            <Shape><Polygon POINTS="3528 796 3472 790 3422 790 3411 801 3394 785 3360 785 3344 785 3327 801 3310 807 2993 807 2965 790 2926 773 2915 773 2859 773 2820 773 2747 785 2641 796 2602 779 2580 768 2530 768 2474 768 2463 762 2419 773 2268 790 2212 762 2196 757 2157 751 2140 762 2095 785 1911 757 1872 751 1861 751 1805 751 1789 751 1649 779 1582 751 1582 751 1527 751 1493 746 1304 773 1209 740 1192 740 1192 879 1187 907 3639 963 3650 946 3645 812 3561 796 3528 796"/></Shape>
	    <String CONTENT="En peſer à loiſir les raiſons, l&#x27;importance,"
                    HPOS="1187"
                    VPOS="740"
                    WIDTH="2463"
                    HEIGHT="223"></String>
          </TextLine>
          <TextLine ID="tl_4"
                    TAGREFS="LT199"
                    BASELINE="1192 1030 1469 1033 1871 1038 1978 1038 2423 1053 2567 1054 2715 1058 3073 1058 3213 1062 3430 1066 3730 1111 3810 1086" 
                    HPOS="1181"
                    VPOS="879"
                    WIDTH="2625"
                    HEIGHT="262">
            <Shape><Polygon POINTS="3082 941 2859 941 2803 935 2781 924 2759 946 2513 907 2246 929 1895 896 1800 896 1744 890 1644 890 1543 907 1410 890 1242 885 1187 879 1187 1024 1181 1052 1950 1085 1967 1085 1989 1074 2012 1057 2095 1091 2419 1080 2508 1080 2759 1113 3606 1108 3639 1135 3639 1141 3656 1141 3801 1108 3806 1085 3784 946 3450 963 3132 941 3082 941"/></Shape>
	    <String CONTENT="Pour garder à chacun &amp; ſa gloire &amp; ſon rang;"
                    HPOS="1181"
                    VPOS="879"
                    WIDTH="2625"
                    HEIGHT="262"></String>
          </TextLine>
          <TextLine ID="tl_5"
                    TAGREFS="LT199"
                    BASELINE="1193 1173 1654 1178 1886 1182 2488 1202 2976 1202 3686 1256 3771 1236" 
                    HPOS="1187"
                    VPOS="1030"
                    WIDTH="2580"
                    HEIGHT="261">
            <Shape><Polygon POINTS="1694 1035 1638 1035 1582 1035 1527 1035 1471 1035 1415 1030 1360 1030 1304 1030 1248 1030 1192 1030 1192 1169 1187 1197 1895 1197 2235 1225 2580 1252 2586 1252 2591 1252 2597 1252 2625 1236 2641 1225 2669 1236 2742 1258 2747 1258 2753 1258 2937 1241 2998 1236 3015 1241 3048 1269 3054 1269 3060 1269 3065 1269 3277 1247 3316 1247 3355 1252 3617 1291 3622 1291 3762 1258 3767 1230 3751 1119 1727 1035 1694 1035"/></Shape>
	    <String CONTENT="Souvent une entreveuë épargne bien du ſang,"
                    HPOS="1187"
                    VPOS="1030"
                    WIDTH="2580"
                    HEIGHT="261"></String>
          </TextLine>
          <TextLine ID="tl_6"
                    TAGREFS="LT199"
                    BASELINE="1183 1318 1467 1323 1784 1322 2266 1333 2410 1337 2552 1341 3068 1346 3511 1357" 
                    HPOS="1176"
                    VPOS="1186"
                    WIDTH="2329"
                    HEIGHT="200">
            <Shape><Polygon POINTS="1181 1314 1176 1353 3494 1386 3505 1353 3505 1241 1181 1186 1181 1314"/></Shape>
	    <String CONTENT="Ainſi pour Annibal je la demande encore."
                    HPOS="1176"
                    VPOS="1186"
                    WIDTH="2329"
                    HEIGHT="200"></String>
          </TextLine>
          <TextLine ID="tl_7"
                    TAGREFS="LT199"
                    BASELINE="2154 1478 2985 1483" 
                    HPOS="2145"
                    VPOS="1347"
                    WIDTH="836"
                    HEIGHT="167">
            <Shape><Polygon POINTS="2151 1475 2145 1497 2970 1514 2981 1481 2976 1353 2151 1347 2151 1475"/></Shape>
	    <String CONTENT="SCIPION."
                    HPOS="2145"
                    VPOS="1347"
                    WIDTH="836"
                    HEIGHT="167"></String>
          </TextLine>
          <TextLine ID="tl_8"
                    TAGREFS="LT199"
                    BASELINE="1182 1608 1356 1603 1667 1606 1961 1617 2165 1657 2777 1627 3044 1632 3367 1637 3497 1641 3999 1656" 
                    HPOS="1176"
                    VPOS="1458"
                    WIDTH="2820"
                    HEIGHT="229">
            <Shape><Polygon POINTS="2736 1481 2680 1481 2658 1503 2352 1503 2313 1481 2218 1481 2134 1497 2040 1470 2012 1464 1995 1464 1906 1497 1883 1470 1878 1470 1878 1464 1850 1464 1805 1492 1744 1464 1722 1458 1666 1464 1549 1486 1181 1458 1181 1603 1176 1642 3985 1687 3996 1653 3996 1509 3673 1503 3673 1497 3628 1470 3305 1470 3193 1503 3115 1492 3026 1475 3015 1475 2948 1503 2786 1481 2736 1481"/></Shape>
	    <String CONTENT="Hé bien? pour luy marquera quel point je l’honore"
                    HPOS="1176"
                    VPOS="1458"
                    WIDTH="2820"
                    HEIGHT="229"></String>
          </TextLine>
          <TextLine ID="tl_9"
                    TAGREFS="LT199"
                    BASELINE="1175 1785 1697 1749 2377 1766 2454 1786 2605 1772 2913 1777 3189 1782 3640 1792" 
                    HPOS="1164"
                    VPOS="1609"
                    WIDTH="2475"
                    HEIGHT="200">
            <Shape><Polygon POINTS="3394 1637 3338 1637 3282 1637 3249 1637 3221 1648 3204 1653 3143 1648 2998 1631 2948 1631 2937 1631 2920 1642 2909 1659 2597 1659 2558 1637 2502 1642 2446 1642 2402 1653 2391 1642 2391 1648 2335 1648 2279 1653 2223 1653 2168 1653 2112 1648 2056 1637 2045 1631 1973 1625 1878 1614 1833 1614 1778 1609 1164 1609 1170 1781 1170 1804 3628 1809 3639 1787 3634 1659 3444 1637 3394 1637"/></Shape>
	    <String CONTENT="J’accepte l’entreveuë, &amp; veux bien differer"
                    HPOS="1164"
                    VPOS="1609"
                    WIDTH="2475"
                    HEIGHT="200"></String>
          </TextLine>
          <TextLine ID="tl_10"
                    TAGREFS="LT199"
                    BASELINE="1179 1894 1320 1889 1784 1896 1954 1901 2212 1946 2426 1911 2826 1916 3030 1921 3568 1926 3638 1946" 
                    HPOS="1170"
                    VPOS="1754"
                    WIDTH="2464"
                    HEIGHT="217">
            <Shape><Polygon POINTS="3232 1787 3216 1781 3182 1798 3177 1804 3132 1781 3099 1781 3071 1804 2825 1804 2781 1776 2708 1776 2569 1793 2552 1793 2530 1776 2508 1781 2452 1781 2430 1776 2357 1793 2196 1765 2173 1765 2129 1759 1772 1781 1733 1754 1716 1754 1521 1781 1454 1765 1343 1776 1176 1781 1176 1893 1170 1921 3622 1971 3634 1943 3634 1809 3316 1809 3299 1804 3277 1787 3232 1787"/></Shape>
	    <String CONTENT="La bataille où j’ay cru devoir me préparer;"
                    HPOS="1170"
                    VPOS="1754"
                    WIDTH="2464"
                    HEIGHT="217"></String>
          </TextLine>
          <TextLine ID="tl_11"
                    TAGREFS="LT199"
                    BASELINE="1181 2038 1456 2033 1788 2037 2068 2047 2596 2056 2750 2057 3072 2062 3675 2092" 
                    HPOS="1170"
                    VPOS="1893"
                    WIDTH="2503"
                    HEIGHT="234">
            <Shape><Polygon POINTS="2536 1915 2530 1915 2524 1915 2491 1926 2458 1943 2385 1926 2363 1921 2346 1926 2290 1932 2235 1943 2179 1943 2123 1932 2084 1921 2012 1932 1360 1893 1343 1893 1287 1893 1231 1893 1176 1893 1176 2032 1170 2060 1794 2054 3661 2127 3673 2088 3673 1976 3461 1937 3149 1932 3143 1932 3138 1932 3093 1954 3071 1960 3043 1948 2987 1932 2981 1932 2976 1932 2909 1943 2870 1954 2859 1943 2848 1926 2842 1926 2842 1921 2837 1921 2831 1921 2825 1921 2680 1937 2608 1943 2580 1932 2541 1915 2536 1915"/></Shape>
	    <String CONTENT="Pour lever tout ombrage &amp; toute défiance,"
                    HPOS="1170"
                    VPOS="1893"
                    WIDTH="2503"
                    HEIGHT="234"></String>
          </TextLine>
          <TextLine ID="tl_12"
                    TAGREFS="LT199"
                    BASELINE="1174 2211 1499 2182 2011 2186 2195 2191 2469 2196 2885 2205 2972 2206 3271 2206 3917 2226 3988 2246" 
                    HPOS="1170"
                    VPOS="2038"
                    WIDTH="2815"
                    HEIGHT="217">
            <Shape><Polygon POINTS="3617 2088 3561 2088 3511 2082 3511 2088 3494 2093 3093 2065 2981 2088 2942 2060 2898 2060 2864 2088 2658 2065 2563 2060 2430 2082 2357 2054 2279 2049 2034 2082 1984 2043 1945 2043 1889 2038 1560 2038 1532 2065 1504 2043 1504 2038 1170 2038 1170 2210 1215 2216 3974 2255 3985 2244 3985 2099 3639 2099 3628 2088 3617 2088"/></Shape>
	    <String CONTENT="Qu’il choiſiſſe un lieu propre à cette conference,"
                    HPOS="1170"
                    VPOS="2038"
                    WIDTH="2815"
                    HEIGHT="217"></String>
          </TextLine>
          <TextLine ID="tl_13"
                    TAGREFS="LT199"
                    BASELINE="1163 2357 1276 2356 1556 2332 2001 2370 2068 2351 2672 2365 2827 2346 3101 2351 3387 2352 3988 2386" 
                    HPOS="1159"
                    VPOS="2160"
                    WIDTH="2826"
                    HEIGHT="251">
            <Shape><Polygon POINTS="2145 2188 2040 2193 1850 2210 1822 2188 1817 2182 1778 2182 1739 2205 1315 2199 1270 2205 1215 2210 1209 2177 1164 2160 1159 2355 1231 2360 3974 2411 3985 2383 3985 2277 3589 2227 3583 2227 3578 2227 3478 2249 3193 2216 3188 2216 3182 2216 3177 2216 3143 2238 3138 2244 3099 2238 2931 2210 2926 2210 2920 2210 2859 2227 2825 2238 2463 2232 2290 2205 2151 2188 2145 2188"/></Shape>
	    <String CONTENT="Je m’y rendray, Seigneur, au jour qu’il nommera,"
                    HPOS="1159"
                    VPOS="2160"
                    WIDTH="2826"
                    HEIGHT="251"></String>
          </TextLine>
          <TextLine ID="tl_14"
                    TAGREFS="LT199"
                    BASELINE="1174 2472 1301 2466 1481 2471 1751 2472 1821 2515 2169 2515 2769 2485 3105 2491 3250 2495 3550 2506" 
                    HPOS="1164"
                    VPOS="2338"
                    WIDTH="2380"
                    HEIGHT="206">
            <Shape><Polygon POINTS="3494 2360 3439 2355 3243 2355 3182 2366 3149 2355 3104 2355 3048 2349 2825 2349 2714 2360 2547 2360 2279 2372 2229 2355 2045 2355 1989 2366 1934 2360 1878 2360 1772 2349 1688 2366 1410 2338 1387 2344 1343 2344 1315 2372 1242 2355 1220 2360 1164 2360 1170 2511 1660 2511 1744 2544 2335 2516 2541 2539 2580 2511 2703 2533 2775 2500 2831 2528 2853 2533 3539 2528 3544 2505 3539 2366 3494 2360"/></Shape>
	    <String CONTENT="Et ne ſera y ſuivy qu’autant qu’il le ſera."
                    HPOS="1164"
                    VPOS="2338"
                    WIDTH="2380"
                    HEIGHT="206"></String>
          </TextLine>
          <TextLine ID="tl_15"
                    TAGREFS="LT199"
                    BASELINE="2029 2626 3079 2634" 
                    HPOS="2023"
                    VPOS="2489"
                    WIDTH="1053"
                    HEIGHT="183">
            <Shape><Polygon POINTS="2641 2494 2586 2494 2530 2494 2474 2500 2419 2500 2363 2505 2307 2505 2251 2511 2196 2511 2140 2516 2084 2516 2028 2516 2028 2622 2023 2656 3065 2672 3076 2633 3071 2500 2653 2489 2641 2494"/></Shape>
	    <String CONTENT="AURILCAR."
                    HPOS="2023"
                    VPOS="2489"
                    WIDTH="1053"
                    HEIGHT="183"></String>
          </TextLine>
          <TextLine ID="tl_16"
                    TAGREFS="LT199"
                    BASELINE="1165 2747 1263 2748 1733 2762 2012 2766 2166 2765 2526 2809 2850 2777 3362 2785 3981 2796" 
                    HPOS="1159"
                    VPOS="2589"
                    WIDTH="2820"
                    HEIGHT="250">
            <Shape><Polygon POINTS="2887 2633 2831 2633 2803 2639 2731 2656 2307 2650 2279 2628 2279 2628 2223 2628 2207 2628 2173 2644 1922 2644 1850 2611 1822 2600 1817 2600 1811 2600 1766 2605 1633 2633 1482 2594 1460 2594 1454 2594 1449 2594 1443 2594 1365 2628 1164 2589 1164 2745 1159 2795 3968 2839 3979 2795 3974 2683 3784 2644 3779 2644 3606 2667 3567 2672 3550 2667 3461 2633 3455 2633 3450 2633 3143 2656 3004 2661 2970 2644 2937 2633 2887 2633"/></Shape>
	    <String CONTENT="Il prétend dans ce Camp venir bien-tôt luy-même."
                    HPOS="1159"
                    VPOS="2589"
                    WIDTH="2820"
                    HEIGHT="250"></String>
          </TextLine>
          <TextLine ID="tl_17"
                    TAGREFS="LT199"
                    BASELINE="2148 2916 3038 2926" 
                    HPOS="2140"
                    VPOS="2767"
                    WIDTH="897"
                    HEIGHT="184">
            <Shape><Polygon POINTS="2759 2784 2703 2789 2647 2795 2591 2800 2536 2806 2480 2806 2424 2795 2368 2789 2313 2784 2257 2778 2201 2767 2145 2767 2145 2912 2140 2951 3032 2951 3037 2923 3032 2789 2781 2778 2759 2784"/></Shape>
	    <String CONTENT="SCIPION."
                    HPOS="2140"
                    VPOS="2767"
                    WIDTH="897"
                    HEIGHT="184"></String>
          </TextLine>
          <TextLine ID="tl_18"
                    TAGREFS="LT199"
                    BASELINE="1163 3074 1514 3029 1577 3047 2213 3056 2369 3056 2657 3061 3035 3104 3122 3089 3329 3075 3797 3080 3981 3084" 
                    HPOS="1153"
                    VPOS="2901"
                    WIDTH="2826"
                    HEIGHT="222">
            <Shape><Polygon POINTS="2987 2923 2753 2923 2597 2928 2586 2917 2430 2917 2374 2928 2285 2917 2151 2917 2145 2901 2106 2901 2090 2917 2073 2928 2051 2917 2034 2901 2017 2901 1828 2928 1649 2901 1159 2917 1159 3073 1153 3107 2508 3084 2641 3123 2759 3123 3333 3095 3968 3123 3979 3079 3962 2906 3873 2934 3695 2906 3661 2906 3556 2934 3433 2906 3394 2906 3310 2934 3227 2906 3071 2912 2987 2912 2987 2923"/></Shape>
	    <String CONTENT="Quoy! luy-même en mon Camp, ma ſurpriſe eſt"
                    HPOS="1153"
                    VPOS="2901"
                    WIDTH="2826"
                    HEIGHT="222"></String>
          </TextLine>
          <TextLine ID="tl_19"
                    TAGREFS="LT199"
                    BASELINE="1386 3181 1851 3192 1929 3195" 
                    HPOS="1376"
                    VPOS="3057"
                    WIDTH="552"
                    HEIGHT="155">
            <Shape><Polygon POINTS="1382 3179 1376 3201 1917 3212 1928 3190 1917 3057 1382 3062 1382 3179"/></Shape>
	    <String CONTENT="extrême?"
                    HPOS="1376"
                    VPOS="3057"
                    WIDTH="552"
                    HEIGHT="155"></String>
          </TextLine>
          <TextLine ID="tl_20"
                    TAGREFS="LT199"
                    BASELINE="1163 3328 1442 3331 1723 3336 2102 3340 2458 3350 3073 3360 3612 3365" 
                    HPOS="1153"
                    VPOS="3168"
                    WIDTH="2458"
                    HEIGHT="239">
            <Shape><Polygon POINTS="1716 3190 1672 3190 1649 3212 1460 3212 1159 3168 1159 3324 1153 3368 3600 3407 3611 3363 3606 3196 3388 3235 3249 3190 3243 3190 3238 3190 3221 3190 2786 3224 2725 3185 2720 3185 2714 3185 2513 3179 2508 3179 2502 3179 2491 3179 2374 3218 2073 3173 2040 3173 2034 3173 2028 3173 2023 3173 2023 3179 1984 3218 1850 3218 1755 3190 1716 3190"/></Shape>
	    <String CONTENT="Mais quel ôtage encor exige-t-il de moy?"
                    HPOS="1153"
                    VPOS="3168"
                    WIDTH="2458"
                    HEIGHT="239"></String>
          </TextLine>
          <TextLine ID="tl_21"
                    TAGREFS="LT199"
                    BASELINE="1158 3493 1418 3471 2214 3482 2442 3486 2851 3499 2941 3494 3015 3499" 
                    HPOS="1148"
                    VPOS="3324"
                    WIDTH="1861"
                    HEIGHT="228">
            <Shape><Polygon POINTS="2876 3357 2764 3357 2720 3352 2686 3368 2653 3368 2407 3346 2324 3346 2268 3341 2173 3341 2095 3363 2073 3363 1928 3341 1839 3341 1822 3357 1805 3341 1766 3341 1711 3335 1633 3335 1348 3357 1281 3357 1220 3329 1164 3324 1153 3335 1153 3491 1148 3530 1438 3547 1510 3508 1577 3541 1594 3541 1683 3508 1761 3541 1772 3541 1895 3530 2118 3502 2218 3524 2324 3552 2340 3552 2446 3508 2480 3541 3004 3519 3009 3496 3004 3374 2903 3357 2876 3357"/></Shape>
	    <String CONTENT="Que demande-t-il qui puiſſe..."
                    HPOS="1148"
                    VPOS="3324"
                    WIDTH="1861"
                    HEIGHT="228"></String>
          </TextLine>
          <TextLine ID="tl_22"
                    TAGREFS="LT199"
                    BASELINE="1942 3631 2028 3631 3043 3640" 
                    HPOS="1934"
                    VPOS="3502"
                    WIDTH="1103"
                    HEIGHT="173">
            <Shape><Polygon POINTS="1939 3630 1934 3658 3026 3675 3037 3636 3032 3508 1939 3502 1939 3630"/></Shape>
	    <String CONTENT="AURILCAR."
                    HPOS="1934"
                    VPOS="3502"
                    WIDTH="1103"
                    HEIGHT="173"></String>
          </TextLine>
          <TextLine ID="tl_23"
                    TAGREFS="LT199"
                    BASELINE="3066 3794 3395 3794 3666 3804" 
                    HPOS="3060"
                    VPOS="3647"
                    WIDTH="601"
                    HEIGHT="206">
            <Shape><Polygon POINTS="3065 3792 3060 3819 3650 3853 3661 3803 3661 3663 3065 3647 3065 3792"/></Shape>
	    <String CONTENT="Vôtre foy."
                    HPOS="3060"
                    VPOS="3647"
                    WIDTH="601"
                    HEIGHT="206"></String>
          </TextLine>
          <TextLine ID="tl_24"
                    TAGREFS="LT199"
                    BASELINE="2109 3921 2952 3928" 
                    HPOS="2101"
                    VPOS="3736"
                    WIDTH="847"
                    HEIGHT="223">
            <Shape><Polygon POINTS="2106 3920 2101 3953 2937 3959 2948 3925 2937 3758 2625 3769 2602 3747 2597 3747 2597 3741 2591 3741 2586 3741 2580 3741 2575 3741 2558 3747 2508 3764 2419 3747 2363 3736 2357 3736 2352 3736 2335 3741 2279 3769 2257 3741 2251 3741 2251 3736 2246 3736 2240 3736 2235 3736 2106 3736 2106 3920"/></Shape>
	    <String CONTENT="SCIPION."
                    HPOS="2101"
                    VPOS="3736"
                    WIDTH="847"
                    HEIGHT="223"></String>
          </TextLine>
          <TextLine ID="tl_25"
                    TAGREFS="LT199"
                    BASELINE="1159 4056 1331 4055 1676 4049 1798 4055 2130 4061 2663 4066 2866 4075 3164 4084 3508 4094 3970 4098" 
                    HPOS="1148"
                    VPOS="3908"
                    WIDTH="2820"
                    HEIGHT="240">
            <Shape><Polygon POINTS="2825 3925 2157 3925 2101 3920 2095 3914 1153 3908 1153 4053 1148 4098 1231 4120 1242 4120 1382 4081 1426 4103 1438 4114 1465 4114 1477 4103 1510 4087 1616 4126 1638 4126 1660 4109 1705 4087 1961 4087 2045 4120 2062 4120 2168 4092 2201 4126 2218 4126 2419 4092 2636 4137 2653 4137 2664 4126 2708 4098 2881 4098 3032 4142 3165 4137 3505 4114 3957 4148 3968 4092 3968 3936 2825 3925"/></Shape>
	    <String CONTENT="Hé quoy? donc Annibal ne veut point d’autre"
                    HPOS="1148"
                    VPOS="3908"
                    WIDTH="2820"
                    HEIGHT="240"></String>
          </TextLine>
          <TextLine ID="tl_26"
                    TAGREFS="LT199"
                    BASELINE="1356 4201 1664 4205 1760 4204" 
                    HPOS="1348"
                    VPOS="4053"
                    WIDTH="407"
                    HEIGHT="184">
            <Shape><Polygon POINTS="1354 4198 1348 4237 1750 4237 1755 4198 1744 4059 1354 4053 1354 4198"/></Shape>
	    <String CONTENT="ôtage?"
                    HPOS="1348"
                    VPOS="4053"
                    WIDTH="407"
                    HEIGHT="184"></String>
          </TextLine>
          <TextLine ID="tl_27"
                    TAGREFS="LT199"
                    BASELINE="2024 4346 2094 4346 2252 4349 2370 4355 2468 4354 2724 4365 2837 4365 3010 4373" 
                    HPOS="2017"
                    VPOS="4153"
                    WIDTH="992"
                    HEIGHT="240">
            <Shape><Polygon POINTS="2023 4343 2017 4371 2998 4393 3009 4371 3004 4181 2887 4215 2641 4215 2619 4181 2614 4176 2608 4176 2608 4170 2602 4170 2597 4170 2591 4170 2586 4170 2552 4181 2497 4204 2452 4181 2402 4159 2396 4159 2391 4159 2385 4159 2313 4181 2262 4198 2223 4187 2129 4153 2123 4153 2118 4153 2112 4153 2023 4181 2023 4343"/></Shape>
	    <String CONTENT="AURILCAR."
                    HPOS="2017"
                    VPOS="4153"
                    WIDTH="992"
                    HEIGHT="240"></String>
          </TextLine>
          <TextLine ID="tl_28"
                    TAGREFS="LT199"
                    BASELINE="1148 4481 1243 4480 1539 4489 1701 4489 2189 4494 2369 4495 2759 4505 3072 4512 3410 4522 3486 4551" 
                    HPOS="1137"
                    VPOS="4321"
                    WIDTH="2346"
                    HEIGHT="256">
            <Shape><Polygon POINTS="2981 4371 2926 4371 2870 4365 2859 4365 2792 4376 2708 4360 2703 4360 2647 4360 2591 4360 2536 4354 2480 4354 2424 4354 2368 4354 2318 4354 2313 4354 2257 4354 2201 4348 2145 4348 2140 4348 2090 4360 2056 4348 2034 4348 2028 4337 2023 4337 1984 4321 1978 4321 1973 4321 1142 4321 1142 4476 1137 4515 3472 4577 3483 4549 3483 4360 3271 4387 3076 4348 3020 4343 3015 4343 2981 4343 2981 4371"/></Shape>
	    <String CONTENT="Il veut de Scipion la parole pour gage,"
                    HPOS="1137"
                    VPOS="4321"
                    WIDTH="2346"
                    HEIGHT="256"></String>
          </TextLine>
          <TextLine ID="tl_29"
                    TAGREFS="LT199"
                    BASELINE="1149 4630 1325 4629 1617 4634 2000 4638 2324 4638 2960 4653 3445 4669 3530 4668" 
                    HPOS="1142"
                    VPOS="4488"
                    WIDTH="2386"
                    HEIGHT="233">
            <Shape><Polygon POINTS="3433 4532 3427 4527 3260 4549 3054 4521 3048 4521 2820 4538 2714 4504 2708 4504 2703 4504 2697 4504 2692 4504 2653 4504 2424 4532 2307 4504 2301 4504 2296 4504 2290 4504 2190 4527 1148 4488 1148 4627 1142 4660 1694 4682 1700 4682 1705 4682 1711 4682 1733 4666 1755 4655 1789 4671 1856 4694 1861 4694 1867 4694 2218 4671 2368 4666 2435 4677 2614 4705 2619 4705 2915 4677 2965 4677 2998 4682 3249 4721 3255 4721 3522 4682 3528 4666 3522 4521 3433 4527 3433 4532"/></Shape>
	    <String CONTENT="Hé quel ôtage peut remplacer Annibal?"
                    HPOS="1142"
                    VPOS="4488"
                    WIDTH="2386"
                    HEIGHT="233"></String>
          </TextLine>
          <TextLine ID="tl_30"
                    TAGREFS="LT199"
                    BASELINE="2101 4785 2975 4799" 
                    HPOS="2090"
                    VPOS="4638"
                    WIDTH="880"
                    HEIGHT="189">
            <Shape><Polygon POINTS="2931 4649 2876 4649 2820 4649 2764 4649 2708 4643 2653 4643 2597 4643 2541 4643 2485 4638 2095 4638 2095 4783 2090 4811 2959 4827 2970 4794 2959 4649 2931 4649"/></Shape>
	    <String CONTENT="SCIPION."
                    HPOS="2090"
                    VPOS="4638"
                    WIDTH="880"
                    HEIGHT="189"></String>
          </TextLine>
          <TextLine ID="tl_31"
                    TAGREFS="LT199"
                    BASELINE="1146 4933 1262 4908 1542 4949 1852 4920 2131 4929 2306 4930 2643 4933 2981 4943 3183 4948 3368 4952 3864 4972" 
                    HPOS="1137"
                    VPOS="4744"
                    WIDTH="2725"
                    HEIGHT="261">
            <Shape><Polygon POINTS="2753 4794 2586 4794 2530 4788 2458 4788 2424 4799 2396 4788 2301 4788 2290 4799 2028 4799 1922 4755 1555 4749 1538 4749 1421 4783 1326 4744 1298 4744 1226 4777 1142 4744 1142 4927 1137 4950 1883 4944 2006 4972 3015 4966 3851 5005 3862 4966 3851 4794 3734 4827 3595 4788 3578 4788 3422 4816 3255 4783 3238 4783 3026 4816 2753 4794"/></Shape>
	    <String CONTENT="Je ſçay qu’il n’en eſt point pour un tel General."
                    HPOS="1137"
                    VPOS="4744"
                    WIDTH="2725"
                    HEIGHT="261"></String>
          </TextLine>
          <TextLine ID="tl_32"
                    TAGREFS="LT199"
                    BASELINE="1144 5060 1271 5048 1786 5065 1925 5067 2319 5074 2483 5073 2691 5078 2991 5087 3411 5096 3484 5118" 
                    HPOS="1137"
                    VPOS="4916"
                    WIDTH="2346"
                    HEIGHT="212">
            <Shape><Polygon POINTS="3277 4950 3271 4950 3149 4983 3126 4983 3093 4978 2870 4939 2864 4939 2714 4966 2675 4972 2641 4961 2563 4939 2558 4939 2552 4939 2391 4955 2324 4961 2307 4955 2268 4933 2257 4933 2201 4933 2168 4933 2101 4944 2045 4955 1973 4944 1872 4922 1867 4922 1811 4922 1755 4927 1711 4927 1705 4933 1638 4944 1627 4939 1588 4944 1532 4944 1477 4939 1438 4933 1415 4939 1198 4916 1198 4922 1142 4927 1142 5056 1137 5078 3472 5128 3483 5117 3483 4989 3282 4950 3277 4950"/></Shape>
	    <String CONTENT="Et puiſqu&#x27;il ſe confie en ma ſeule parole,"
                    HPOS="1137"
                    VPOS="4916"
                    WIDTH="2346"
                    HEIGHT="212"></String>
          </TextLine>
          <TextLine ID="tl_33"
                    TAGREFS="LT199"
                    BASELINE="1145 5233 1263 5190 1551 5199 1785 5209 1993 5212 2393 5213 2797 5224 2972 5229 3608 5262" 
                    HPOS="1142"
                    VPOS="5050"
                    WIDTH="2464"
                    HEIGHT="239">
            <Shape><Polygon POINTS="3478 5117 3433 5100 3405 5122 3400 5122 3372 5100 3372 5095 3355 5095 3193 5122 3177 5117 3138 5089 3121 5089 3004 5106 2948 5117 2931 5106 2909 5083 2887 5083 2820 5111 2747 5083 2502 5106 2435 5078 2380 5078 2268 5100 2095 5067 2017 5067 1928 5089 1861 5067 1805 5067 1783 5061 1750 5083 1571 5056 1471 5056 1465 5050 1371 5078 1215 5050 1198 5056 1142 5056 1142 5228 1148 5234 1805 5223 1872 5250 2017 5228 3595 5289 3606 5256 3606 5134 3478 5106 3478 5117"/></Shape>
	    <String CONTENT="Je jure par les Dieux appuis du Capitole,"
                    HPOS="1142"
                    VPOS="5050"
                    WIDTH="2464"
                    HEIGHT="239"></String>
          </TextLine>
          <TextLine ID="tl_34"
                    TAGREFS="LT199"
                    BASELINE="1149 5368 1461 5339 1760 5353 2349 5362 2498 5363 3266 5422 3333 5403" 
                    HPOS="1148"
                    VPOS="5195"
                    WIDTH="2179"
                    HEIGHT="245">
            <Shape><Polygon POINTS="3043 5234 2987 5234 2954 5228 2870 5262 2831 5228 2820 5228 2781 5223 2697 5256 2692 5256 2653 5223 2653 5223 2597 5223 2536 5250 2530 5250 2519 5250 2396 5217 2374 5217 2318 5217 2262 5217 2212 5234 2190 5217 2151 5217 2095 5217 2040 5217 1984 5211 1928 5211 1872 5211 1867 5211 1817 5223 1560 5217 1471 5217 1471 5211 1426 5195 1426 5195 1371 5195 1337 5195 1326 5206 1220 5206 1203 5211 1148 5228 1148 5367 1198 5367 2363 5379 3316 5440 3327 5401 3316 5278 3076 5234 3043 5234"/></Shape>
	    <String CONTENT="Qu’il peut en ſeureté ſe fier à ma foy,"
                    HPOS="1148"
                    VPOS="5195"
                    WIDTH="2179"
                    HEIGHT="245"></String>
          </TextLine>
          <TextLine ID="tl_35"
                    TAGREFS="LT199"
                    BASELINE="1143 5479 1239 5488 1634 5492 1938 5504 2228 5512 2586 5546 2904 5518 3266 5522 3508 5528 3829 5527" 
                    HPOS="1137"
                    VPOS="5340"
                    WIDTH="2686"
                    HEIGHT="322">
            <Shape><Polygon POINTS="3310 5406 3255 5417 3199 5417 3087 5406 3032 5406 2920 5395 2842 5395 2831 5390 2809 5390 2647 5373 2563 5384 2536 5367 2480 5362 2368 5362 2346 5356 2329 5362 2201 5379 2151 5356 2000 5356 1872 5373 1844 5356 1755 5356 1666 5345 1521 5367 1493 5340 1371 5340 1276 5362 1248 5356 1198 5367 1153 5367 1142 5473 1137 5557 1198 5585 1599 5573 1694 5629 1839 5635 2145 5573 2402 5573 2452 5618 2452 5624 2469 5624 2591 5601 2653 5640 2680 5640 2747 5585 2825 5585 2931 5651 3160 5657 3383 5612 3439 5657 3667 5662 3818 5601 3823 5523 3823 5406 3494 5362 3316 5379 3310 5406"/></Shape>
	    <String CONTENT="Il n’aura dans mon Camp pour ôtage que moy."
                    HPOS="1137"
                    VPOS="5340"
                    WIDTH="2686"
                    HEIGHT="322"></String>
          </TextLine>
        </TextBlock>
        <TextBlock HPOS="2946.0"
                   VPOS="2521.0"
                   WIDTH="194.0"
                   HEIGHT="207.0"
                   ID="eSc_textblock_462478ee"
                   TAGREFS="BT286">
          <Shape><Polygon POINTS="3106 2728 3140 2521 2957 2521 2946 2682"/></Shape>
        </TextBlock>
      </PrintSpace>
    </Page>
  </Layout>
</alto>
