4080 6862
1064 451 172 240 18

1413 458 2335 239 SCIPION L’AFRICAIN,

1636 1286 1694 246 SCENE II.

1052 1566 2879 343 LUCEJUS, ISPERIE, EMILIE,

2054 1829 938 212 CELSUS.

2134 2132 847 218 LUCEJUS.

2386 2430 263 349 N

2660 2584 1013 200 'En doutez plus,

1024 2727 2741 200 Madame, & connoiſſez aujourd’huy Lucejus:

1035 2870 2329 200 Le fidele Celſus fût captif de mon père,

1035 3024 2404 206 Il le renvoya libre, & j’en ay le ſalaire,

1024 3179 2918 217 C’eſt luy qui m’a conduit prés de vous en ces

1236 3328 429 183 lieux,

1012 3465 2799 229 Je viens briſer vos fers, ou mourir à vos yeux.

2019 3676 893 206 ISPERIE.

1024 3905 1173 217 Ciel! qu’entens-je?

2025 3991 904 274 LUCEJUS.

2231 4197 1694 240 Voila le ſujet qui m’ameine,

1012 4357 2907 211 Mes ſoldats ſont cachez dans la foreſt prochaine,

995 4517 2930 212 Juſqu’au prés de ce Camp nous ſommes parvenus

1007 4677 2695 177 Par des lieux écartez, des chemins inconnus,

995 4797 2695 235 Je n’ay pris avec moy que des troupes d’élite,

995 4957 2312 183 Indibilis m’attend, il en a la conduite,

995 5100 2724 206 Avecque un Camp volant Mandonius le ſuit,

989 5255 2678 188 Nous devons attaquer ce quartier cette nuit;

1001 5403 2626 200 Je n’ay fié qu’à moy le ſoin de reconnoiſtre,

989 5563 2936 275 En quel endroit du Camp vos tentes pouvoient être,
