4080 6707
1175 435 207 224 24

1539 357 2328 268 SCIPION L'AFRICAIN,

2121 704 895 145 ISPERIE.

1158 855 2714 218 Seroit-il des malheurs comparables aux ſiens?

1158 1028 2709 207 Tout prêts à nous unir par les plus beaux liens,

1152 1168 2581 178 Ce jeune Prince helas! attendoit la journée

1152 1313 2670 224 Qui devoit couronner un pompeux hymenée,

1147 1458 2742 218 Pardonnez-moy, Seigneur, ce triſte ſouvenir,

1141 1604 2508 190 De ma memoire encor je ne puis le bannir,

1141 1749 2771 196 C’eſt vous qui luy cauſez les malheurs de ſa vie,

1130 1889 2104 201 Errant, infortune, ſeparé d'Iſperie,

1136 2045 2395 179 Il nourit loin de moy d’inutiles regrets,

1130 2190 2496 185 Peut-eſtre ſes tourmens ne finiront jamais;

1130 2330 2815 185 Si vous aimiez, Seigneur, vous ſçauriez par vous-

1270 2487 353 184 même

1119 2604 2826 218 Dans quel afreux tourment eſt un cœur quand il

1276 2783 375 179 aime,

1119 2900 2362 196 Et qu’il eſt ſeparé de l’objet de ſes vœux?

1119 3057 2826 218 Helas! qu’il eſt à plaindre? & qu’il eſt malheureux?

1124 3202 1383 212 Que ſon triſte deſtin...

2087 3359 834 178 SCIPION.

2294 3487 1383 207 Qu'il eſt digne d’envie!

1119 3632 2552 196 Peut-on rien ajouter au bonheur de ſa vie?

1113 3795 2474 195 Lucejus eſt choiſi pour eſtre vôtre epoux,

1108 3934 2608 218 Il vous aime, & de plus il eſt aimé de vous.

1108 4080 2820 223 Mais ç’en eſt trop, il faut combattre dans vôtre

1292 4247 325 162 ame,

1102 4359 2390 229 Et bannir pour jamais cette inutile flâme.

2081 4521 857 179 ISPERIE.

1102 4639 974 257 Moy! Seigneur?

2026 4784 878 218 SCIPION.

1438 4924 2468 257 Ouy, pour vous Rome a d’autres deſſeins,

1096 5086 2519 218 Et puiſqu'il eſt enfin ennemy des Romains

1096 5253 2810 241 Cet Amant, qu’il combat contre la Republique,

1085 5387 2692 269 Tout s'opoſe à ſes vœux, raiſon, & politique,

3419 5566 481 246 Pouroit-
