4080 7033
808 445 1788 234 TRAGEDIE.

3018 527 188 217 25

205 726 2878 153 Pouroit-elle ſouffrir qu’il devint vôtre époux?

187 820 2691 205 Et d’ailleurs cet hymen eſt indigne de vous.

1207 972 844 188 ISPERIE.

187 1107 1325 229 Lucejus eſt ne Prince.

1184 1277 861 188 SCIPION.

1272 1424 1623 217 Et fuſt-il Roy, Madame,

193 1564 2315 211 Il ne merite point une ſi belle flâme?

193 1723 2913 216 Que vous connoiſſez peu le prix de vôtre cœur?

187 1881 2984 217 Vous ignorez encor juſqu’à quel point d’hõneur...

181 2027 2785 217 Non, à vôtre merite il n'eſt rien qui réponde,

187 2180 2861 211 Il eſt trop au deſſus de tous les Rois du monde,

181 2332 2978 217 Et pour mieux ſoûtenir l’honneur de vôtre choix,

175 2484 2990 223 Il faut un des vainqueurs, un des maiſtres des Rois,

193 2637 1536 187 En un mot, un Romain.

1219 2789 873 194 ISPERIE.

1436 2942 1471 240 La grandeur, la fortune

187 3094 2761 199 Peut faire impreſſion ſur une ame commune;

181 3241 2966 222 Mais quoy! tout ſon éclat mis dans ſon plus beau

345 3416 276 188 jour

181 3528 2650 234 N’éblouït point un cœur éclairé par l’amour.

1166 3698 950 187 SCIPION.

187 3844 2292 211 Quoy? vous pouriez, Madame?...

1260 4002 803 200 ISPERIE.

1236 4143 1911 240 Eh! Seigneur, que m’importe

181 4295 2972 235 Que ces vainqueurs des Rois... Mais helas! je

369 4471 721 182 m’emporte,

181 4600 2767 217 Je dois les reſpecter, & je ſuis dans leurs fers;

187 4758 2960 247 Qu'à leur gré les Romains gouvernent l’Univers,

199 4917 2960 240 Tout doit fléchir ſous eux? Mais encor à quels

334 5063 304 188 titres

175 5204 2761 246 Veulent-ils de nos cœurs devenir les arbitres?

1172 5386 985 187 SCIPION.

187 5497 2574 246 Il faut juſtifier, Madame, leurs desseins,

181 5673 2714 293 Et vous aprendre icy l’intereſt des Romains;

2467 5884 94 211 C
