4080 6924
3000 380 202 243 19

259 588 2943 289 je le ſçais à preſent, & j'en rends grâce aux

467 790 439 179 Dieux,

248 871 2533 242 Il faudra profiter & du temps & des lieux,

277 1061 2337 208 Et ſi le Ciel répond à ce que je projete,

282 1182 2920 231 Tout le Camp d'Annibal nous offre une retraite,

282 1350 2811 219 Il n'eſt pas loin d’icy; mais fay voulu ſans luy

282 1505 2851 220 Tenter ce grand effort que je fais aujourd’huy;

265 1644 2718 242 Je craignois qu’Annibal par ſa lente prudence

265 1800 2574 202 Ne ſervit mal ma flâme & mon impatience:

277 1927 2948 236 Ainſi, ſans differer... Madame, vous tremblez,

277 2088 2954 220 Vos ſens ſont interdits, vos eſprits ſont troublez,

282 2238 2932 231 Vous ne répondez rien, & vous verſez des larmes.

1281 2406 888 190 ISPERIE.

282 2515 2955 248 Que je reſſens pour vous de mortelles allarmes?

288 2683 2932 265 Qu'allez-vous entreprendre? & qui peut m'aſſurer

282 2867 860 231 Du ſuccés....

1298 2948 883 248 LUCEJUS.

1079 3133 2146 213 Ouy, Madame, il faut tout eſperer,

300 3294 2827 219 A quiconque aime bien il n’eſt rien d'impoſſible,

288 3433 2943 219 L'ardeur de vous ſervir doit me rendre invincible,

294 3600 2741 208 Si le ſort me trahit, ou ſi je meurs au moins,

282 3750 2949 196 Madame, vos beaux yeux en ſeront les témoins,

282 3888 2765 231 J'auray fait mon devoir s’il m’en coûte la vie,

300 4039 2591 213 Du moins je la perdray pour ſauver Iſperie.

1321 4206 819 208 ISPERIE.

294 4315 2943 260 Et c'eſt ce que je crains, que pourez-vous, ah

496 4512 450 190 Dieux?

300 4616 2435 236 Vous allez attaquer un Camp victorieux,

305 4766 2932 242 Vous perirez, Seigneur, & tout me le fait croire,

305 4944 2516 197 Vous allez contre vous irriter la victoire,

300 5117 2873 214 Je vous verray ſanglant, & tout percé de coups,

317 5262 1252 225 Tomber peut-être...

1286 5360 860 225 LUCEJUS.

1183 5533 1869 387 Helas! que mon ſort ſera doux

323 5648 721 352 Si je puis...

757 409 1782 242 TRAGEDIE.
