4080 6741
1657 342 1405 214 PREFACE.

944 556 2911 292 action principale, qui eſt de vaincre

887 780 2968 315 ſa paſſion, & de rendre ſa Maî¬

949 1050 2906 315 treſſe à ſon Rival. Ariſtote nous

938 1314 2900 326 aprend qu’on peut ajoûter quelque

932 1544 2906 371 choſe de vray-ſemblable au vray;

938 1814 2922 348 & il eſt vray-ſemblable que Scipion

927 2095 2900 309 à l'âge de vingt-quatre ans, ayant

899 2342 2916 309 pris la plus belle perſonne de l’Uni¬

949 2595 2866 342 vers, ait éſté ſenſible à ſa beauté,

921 2876 2889 292 & qu'il ait rendu quelques combats?

910 3151 2900 270 avant que de la rendre à Lucejus

876 3381 2928 309 Prince des Celtiberiens, à qui elle

904 3634 2923 326 eſtoit promiſe. D'ailleurs ſi Scipion

899 3909 2916 309 avoit remis ſa captive ſans la voir,

876 4168 2917 297 ſon action n'auroit pas été ſi belle, que

876 4420 2911 309 de la rendre aprés l'avoir veuë, &

876 4690 2945 281 aprés en avoir eſté vivement touché;

871 4954 2759 298 car comme dit le grand Corneille,

1073 5331 2568 179 Ce n'eſt qu'en ces aſſauts qu’éclate la vertu,

1067 5443 2692 354 Et l’on doute d'un cœur qui n'a point combatu.
