4080 6707
1057 458 202 207 26

1343 430 2378 223 SCIPION L’AFRICAIN,

1040 653 2659 168 Pour rendre ſa puiſſance & ſa gloire affermie,

1035 765 2496 196 Rome ne peut ſouffrir d’alliance ennemie,

1040 905 2547 201 Syphax, ce Roy ſuperbe a payé cherement

1035 1067 2362 190 La fatale douceur d’un tel engagement:

1035 1190 2826 212 Il eſtoit nôtre amy; mais de dangereux charmes

1035 1335 2882 213 Luy firent contre nous ſoudain prendre les armes,

1029 1486 2474 224 Sophoniſbe luy plût, il devint ſon epoux,

1040 1609 2860 229 (Madame, elle eſtoit belle, & moins belle que vous)

1029 1782 2468 190 La fille d’Aſdrubal a donc ſçû le détruire,

1029 1939 2586 184 Et vient de luy coûter la vie avec l’Empire;

1035 2073 2602 201 D'un Chef Cartaginois, du fameux Hyerbal

1029 2218 2289 190 Iſperie eſt la fille, & niéce d’Annibal,

1040 2364 2872 195 Plus charmante cent fois, plus redoutable encore,

1035 2509 2602 196 Et Rome fouffriroit quand Lucejus l’adore,

1052 2660 2244 196 Qu’il unit à Cartage avec de tels liens

1046 2816 2507 168 Tout le peuple nombreux des Celtiberiens;

1046 2951 2502 184 Si Sophoniſbe ſeule a coûté trois batailles,

1040 3096 2872 184 Combien coûteriez-vous de ſang, de funerailles?

1046 3241 2770 213 Vous pouriez ſoûlever vingt Rois nos ennemis,

1040 3387 2054 184 Unir Mandonius avecque Indibilis,

1046 3543 2468 184 Et ſuſcitant à Rome une éternelle guerre,

1052 3683 2876 218 Vos yeux pouroient contr’elle armer toute la terre.

2042 3884 901 190 ISPERIE.

1063 4091 2865 235 Mais ſi la paix, Seigneur, par de plus doux projets

1063 4275 1472 218 Pouvoit unir nu jour...

2081 4437 834 224 SCIPION.

2440 4655 1477 224 Madame, point de paix,

1052 4829 2876 201 Point d'accord, c'eſt en vain en former l’eſperance,

1057 4996 2866 196 Il faut de Rome, il faut pourſuivre la vangeance,

1057 5119 2608 201 On me l’a confiée, & j’en dois prendre ſoin,

1052 5276 2613 206 Et ſi j’en crois mon cœur je la porteray loin,

1074 5455 1399 273 Madame, vous pleurez.
