4080 7033
804 416 1751 234 TRAGEDIE.

3083 470 101 215 7

791 1239 1811 273 SCENE III.

228 1605 2949 293 SCIPION, LEPIDE, AURILCAR.

1166 1998 874 193 SCIPION.

463 2244 2737 276 St-il donc vray, Seigneur, ce qu’on vient de

240 2268 228 386 E

562 2467 844 170 m'apprendre,

240 2561 2837 263 Que le grand Annibal cherche à m’entretenir?

1137 2754 1055 205 AURILCAR.

234 2895 2767 211 Seigneur, ſur ce ſujet je viens vous prévenir,

234 3053 2433 199 Occupé tout entier du ſoin de ſa patrie,

234 3223 2954 182 Annibal, par ma bouche aujourd'hui vous en prie;

240 3364 2198 193 Une telle entreveuë utile à ſon païs,

234 3522 2656 193 Et même neceſſaire à tous les deux partis,

240 3668 2884 194 Pouroit en ce grand jour décidant de la guerre,

240 3815 2567 211 Donner un plein repos au reſte de la terre.

1236 3973 886 194 SCIPION.

240 4096 2696 235 Annibal me ſurprend par ce nouveau deſſein,

228 4272 2550 205 Je ne le croyois voir que le fer à la main,

240 4424 2351 188 Et ſeur de ſa valeur & de ſa renommée,

228 4571 2662 211 Je l'attendois toujours en tête d’une Armée.

1131 4729 1055 194 AURILCAR.

234 4870 2761 182 Elle approche de vous, & marche ſur ſes pas;

234 5046 2579 170 Avant que de tenter le deſtin des combats,

240 5180 2661 206 Il a cru pour le bien de chaque Republique,

240 5333 2509 199 Qu'il devoit avec vous en ſage politique,

240 5491 2304 176 Examiner à fonds les divers intereſts

240 5643 2866 346 Qui troublent nos Etats par des reſſors ſecrets,
