4080 6784
973 407 192 220 16

1250 373 2371 311 SCIPION L’AFRICAIN,

1980 701 917 169 ERMILIE.

961 876 2920 243 Eh? pouvez-vous douter que ce Prince vous aime,

967 1028 2547 215 Madame, rapellez ſon deſeſpoir extrême,

973 1187 2710 192 Quand Zama pris d'aſſaut le ſépara de vous:

961 1351 2802 192 Ce malheureux Amant dans ſon juſte couroux,

961 1469 2309 198 Guidé par ſa fureur s’alloit ôter la vie,

956 1616 2716 232 Je deſarmay ſon bras au ſeul nom d’Iſperie,

961 1758 951 277 Et peut-eſtre...

1986 1967 803 226 ISPERIE.

1844 2199 1890 220 Dequoy viens-tu m’entretenir?

961 2346 2445 231 Pourquoy me rapeller ce triſte ſouvenir?

956 2504 2309 215 O nuit! qui preceda la fatale journée

956 2668 2609 169 Qui devoir éclairer un heureux hymenée!

961 2798 2609 209 Au lieu de me livrer au malheur qui me ſuit,

950 2962 2445 175 Que n’es-tu devenuë une éternelle nuit?

950 3086 2892 232 Lors qu’on vint nous donner de ſi vives allarmes,

956 3239 2903 215 Que tout retentiſſoit de l’affreux bruit des armes,

950 3392 2535 186 Que le fer à la main je vis tant de ſoldats

945 3533 2586 198 En foule en mon Palais précipiter leurs pas;

945 3680 2535 186 Il t’en doit ſouvenir, dans tes bras Ermilie

950 3832 2779 215 Je demeuray long-temps immobile & ſans vie,

945 3968 2229 226 Scipion m’aperçût, ſon zele officieux

939 4121 2609 220 Me prêta du ſecours, me fit ouvrir les yeux,

928 4268 2908 215 A ſon air, à ſon port je connus ce grand homme,

933 4415 2530 232 La terreur de Cartage & la gloire de Rome,

928 4556 2908 243 Et ſans qu’il eût beſoin qu’on prononçât ſon nom,

928 4714 2444 204 Son front majeſtueux découvrit Scipion,

928 4861 2603 204 Depuis de mille ſoins je luy ſuis redevable;

928 5014 2903 249 Cependant aujourd'huy c’eſt luy ſeul qui m’acca¬

1126 5161 305 181 ble,

922 5280 2784 271 Il fait couler mes pleurs malgré tant de vertus,

928 5449 2139 317 Et ſans luy je ſerois unie à Lucejus.
