4080 6810
1073 482 194 255 20

1380 419 2342 296 SCIPION L’AFRICAIN,

2051 715 898 147 ISPERIE.

1358 794 2591 244 Non, Seigneur, gardez-vous d’entreprendre,

1068 947 2614 222 Si je l'ay ſouhaité, je dois vous le défendre;

1051 1095 2688 227 L’oin de vous j’accuſois vôtre trop de lenteur,

1039 1248 2711 204 J’allois juſqu’à douter même de vôtre cœur:

1051 1396 2756 238 Pardonnez-moy, j’étois injuſte, criminelle,

1045 1537 2597 222 De ſoupçonner ce cœur genereux & fidelle:

1034 1679 2892 233 Mais enfin, grace au Ciel, je vous vois de retour,

1028 1833 2898 249 Et je retrouve en vous un Heros plein d’amour,

1022 1974 671 210 C'eſt aſſez.

2022 2111 955 238 LUEEJUS.

1483 2264 2432 244 Non, Madame, il faut tantôt me ſuivre,

1011 2434 2818 227 Ou choiſir de me voir dans peu ceſſer de vivre,

1005 2582 2836 244 Diſſipez vos chagrins, & n’ayez point d’effroy,

1011 2746 2745 199 Cette entrepriſe eſt digne & de vous & de moy.

994 2877 2909 221 Hé quoy donc Scipion vous peut voir à toute heu¬

1216 3047 181 176 re,

994 3138 2898 278 Vous le ſouffrez helas! quand il faut que je meure,

1000 3325 2648 227 Il joüit des momens qui m’eſtoient deſtinez,

983 3456 2551 244 Je traîne loin de vous des jours infortunez,

988 3620 2904 227 Vous le voyez ſouvent, pardonnez-moy, Madame,

988 3768 2893 232 L’éclat de ſa grandeur pouroit toucher une ame,

988 3910 2785 255 Il a trop de vertus, & mon tranſport jaloux...

1977 4074 852 187 ISPERIE.

971 4199 2603 244 Il a tout le reſpect que j’attendrois de vous,

983 4358 2687 227 Sa bonté, ſa clemence, enlevent mon eſtime,

977 4517 2909 221 Je ne m’en défens point puiſqu'elle eſt legitime?

983 4664 2528 216 Mais enfin Scipion n'eſt point vôtre rival,

971 4784 2711 278 Il n’aime que la gloire, & ne hait qu'Annibal.

1977 4976 892 199 LUCEJUS.

966 5079 2898 261 Moy, je hay ce Romain dont vous portez la chaîne,

966 5249 2642 233 Et pour luy mon eſtime eſt égale à ma haine;

960 5385 2909 261 Mais, Madame, ſongez qu’il fait tous nos malheurs,

971 5544 2552 340 Vous devez le haïr, il vous coûte des pleurs,
