4080 6996
3102 555 163 220 13

274 676 2416 186 La Niéce d'Annibal tenteroit ma vertu?

268 822 2872 209 Le plus grand ennemy que jamais Rome ait eu?

268 967 2977 233 Non, Lepide, aujourd’huy je dois briſer ma chaîne.

1319 1136 823 175 LEPIDE.

250 1241 2791 233 Seigneur portez vos vœux du côté d’Erixene.

262 1422 2539 210 Elle eſt fille d’Hannon ennemy d’Annibal,

256 1568 2831 215 Dans Cartage ce Chef fut toujours ſon rival.

268 1719 2848 228 Toujours dans le Senat à ce Heros contraire,

250 1865 3001 251 Dans Rome il n’eut jamais de plus grand adver¬

437 2017 339 192 ſaire,

250 2151 2697 256 Et s’oppoſant ſans ceſſe à ſes juſtes deſſeins,

256 2314 2428 227 Il paroiſſoit plûtôt l’allié des Romains;

250 2466 2493 239 Aux charmes d'Iſperie oppoſez Erixene,

250 2611 2779 239 Et prenez un amour conforme à vôtre haine,

239 2757 2463 251 Elle peut balancer vos deſirs à ſon tour,

245 2915 2860 279 Et même elle pouroit répondre à vôtre amour.

233 3189 525 221 Erixene

1237 3089 922 216 SCIPION.

1219 3369 841 216 LEPIDE.

770 3527 2434 291 Oüy, Seigneur, & j’ay cru le connoître,

233 3667 2895 274 Toute ſa fierté tombe en nous voyant paroître:

233 3824 2586 251 Quand on parle de vous, il le faut avoüer,

221 3952 2825 333 Elle prend du plaiſir, Seigneur, à vous loüer,

221 4121 2767 280 Et lorſque vos regards tournent vers Iſperie,

221 4273 2306 245 Dans ſon dépit ſecret on lit ſa jalouſie;

215 4419 2656 291 Elle voudroit bien voir ſes charmes effacez,

221 4570 2300 257 Elle la hait enfin, en eſt-ce pas aſſez?

210 4862 2650 280 Elle hait Iſperie, ah Ciel! quelle injuſtice?

1249 4763 875 198 SCIPION.

215 5031 2639 285 Par qu’elle jalouſie, ou plûtôt quel caprice,

210 5182 2609 280 Malgré tant de beautez cette Erixene hait

210 5334 2947 291 Ce que la main des Dieux forma de plus parfait.

198 5486 2749 279 Je m’égare, Lepide, & tu vois ma foibleſſe,

192 5643 2889 367 C'eſt en vain que je veux déguiſer ma tendreſſe;

875 437 1728 268 TRAGEDIE.

2550 5894 88 210 B
