4080 6715
1102 498 202 201 10

1399 458 2322 291 SCIPION L’AFRICAIN,

2149 749 727 196 LEPIDE.

1102 912 2720 240 S’il demande la paix, n’eſtes-vous pas le maître

1091 1074 1539 207 D’accepter, d'imposer...

2020 1236 895 185 SCIPION.

2356 1393 1444 196 Apprens à me connoître.

1096 1494 2407 240 Si dans cette entreveuë il propoſe la paix,

1085 1667 2429 196 Ma gloire me défend d’y conſentir jamais.

1091 1807 2574 218 Quelques conditions que j'impoſe à Cartage,

1080 1947 2602 218 Quand Rome la verroit reduite à l'eſclavage,

1085 2104 2580 218 Je ne fais rien pour moy, ſi dans un jour fatal

1085 2227 2536 212 Scipion n'eſt vainqueur de l'illuſtre Annibal:

1085 2378 2547 207 Voila donc l'intereſt le premier de ma gloire;

1068 2534 2765 202 J'en ay d’autres ſecrets que tu ne pouras croire,

1074 2669 2468 268 Je ne ſçay ſi mon cœur ſe ſeroit démenty,

1068 2814 2312 213 Je ſens ce que jamais je n’avois reſſenty.

2020 2960 783 190 LEPIDE.

1080 3072 1007 212 Vous, Seigneur?

1942 3245 895 196 SCIPION.

1835 3391 1976 229 Je te veux ouvrir toute mon ame,

1063 3508 2507 252 Je ne ſçay ſi je dois donner le nom de flâme

1063 3676 2289 201 A ce trouble mortel dont je ſuis agité;

1063 3821 2434 191 Qu’on l’ignore à jamais dans la poſterité?

1063 3967 2815 201 Que toy ſeul ſois témoin de ma foibleſſe extrême?

1052 4107 2636 224 Lepide, quelquefois j’ay pitié de moy-même,

1046 4247 2636 240 Je combats, mais en vain un rapide penchant,

1057 4392 2815 230 Qui de tous mes efforts eſt toujours triomphant;

1057 4538 2457 224 Je rougis d’en ſentir les mortelles atteintes,

1046 4678 2815 223 J’ay voulu te cacher mon deſordre, mes craintes;

1052 4834 2597 202 Mais il faut t’avoüer mon foible avec douleur.

1052 4974 2389 207 La priſe de Zama coûte cher à mon cœur.

2042 5131 767 179 LEPIDE.

1040 5232 2754 369 Je vous entends, Seigneur, des atteintes ſi vives

1063 5399 1102 252 Sont de l’amour...
