4267 5671
931 264 119 194 4

1154 241 2289 193 L'AMOVR TIRANNIQVE,

936 444 2744 193 Et qui par ſes regards me fit bien-toſt connaiſtre,

941 571 2706 227 Et ma perte, & l'amour, & l'œil qui le fit naiſtre.

1717 784 1163 250 CASSANDRE.

941 1063 2564 236 Fut-elle fauorable aux vœux d'vn ſuborneur?

1811 1261 984 265 ORMENE.

922 1540 2734 274 Pour faire cette faute, elle aimoit trop l'honneur:

931 1753 2418 212 Au contraire, i'apris que ce noble courage,

931 1918 2574 222 Repouſſa cet affront par vn ſanglant outrage,

946 2084 2497 231 Et que par vn meſpris & iuſte & genereux

946 2249 2379 217 Elle impoſa ſilence à ce Prince amoureux.

1830 2429 913 330 HECVBE.

922 2736 2677 222 Ie ne demande plus qui fait prendre les armes,

965 2906 2507 222 Et ie ne cherche plus la ſource de vos larmes.

1811 3114 989 241 ORMENE.

960 3336 2166 288 Apres auoir tenté mille fois ſes appas,

960 3549 2762 269 Le Roy quitte mon pere, & rentre en ſes Eſtats:

960 3771 2715 189 Il arme ſourdement; & puis comme vn tonnerre,

955 3922 2394 208 Il vient porter icy la frayeur & la guerre:

960 4078 2606 227 Et pour donner couleur au deſſein qu'il a pris,

955 4234 2531 246 Il accuſe mon pere, il ſe plaint d'vn meſpris;

965 4413 2535 232 Et parmy nos voiſins luy ſuppoſe des crimes,

946 4579 2502 217 Pour faire croire à tous ſes armes legitimes:

969 4758 2072 208 Oroſmane ſurpris en cette extremité,

974 4905 2436 260 Donne, & perd la bataille, auec la liberté.
