4267 5704
3206 304 85 157 7

1117 280 1699 176 TRAGI-COMEDIE.

1379 527 999 186 ORMENE.

475 732 2793 285 Non, non, ſi le Roy change il n'en eſt point blaſmable;

461 941 2597 228 Pourquoy m'aimeroit-il? ie ne ſuis pas aimable;

1293 1159 1175 219 CASSANDRE.

480 1445 2502 223 Et pourquoy vous conduire en ce triſte fejour?

1374 1677 966 214 ORMENE.

456 1929 2421 229 Par maxime d'Eſtat il ſouffre mon amour:

470 2110 2436 204 Il craint qu'eſtant abſent, vne femme irritée

475 2262 2426 243 Ne ſouſleue des gens dont elle eſt reſpectée;

456 2433 2807 243 Mais Ciel, qu'il connoiſt mal à quel point eſt chery,

451 2600 2426 218 Par la femme d'honneur vn illuſtre mary!

461 2771 2626 223 Malgré ſon changement, & ſon meſpris encore,

480 2947 2607 218 (Dieux ne m'eſcoutez point) mes filles, ie l'adore;

466 3118 1493 185 Et ie ne fay de vœux.....

1417 3351 913 252 HECVBE.

1798 3593 1122 261 Madame, le voicy :

1331 3907 985 242 ORMENE.

456 4249 2436 261 Rentrons, ſon œil me dit que ie m'oſte d’icy.
