4267 5671
983 283 95 180 8

1182 255 2323 217 L’AMOVR TIRANNIQVE,

614 2608 384 170 Il fort de ſa

619 2712 227 151 Tente

1125 1143 2564 378 SCENE

1513 1583 1670 302 DEVXIESME.

1182 1904 2394 250 TIRIDATE, PHARNABASE.

1859 2235 1163 222 TIRIDATE.

1589 2575 2228 232 NFIN ie ſuis vainqueur, la gloire m'en¬

1726 2792 483 156 uironne;

1045 2585 487 628 E

1594 2906 2237 227 Ie brille de l'eſclat d'vne couron¬

1769 3119 175 165 ne;

1026 3237 2356 222 Toute la Capadoce eſt ſoumiſe à mes lois;

1036 3412 2625 198 Et te m'en vay monter au Troſne de ſes Rois.

1036 3582 2393 203 Cette derniere place eſtant preſque occupée,

1031 3742 2611 227 Il faut prendre le ſceptre acquis par mon eſpée;

1045 3903 2507 227 Et gouſter les douceurs, & le ſouuerain bien,

1040 4073 2678 203 Que la victoire donne aux coeurs comme le mien.

1045 4272 2498 179 Noſtre rare valeur a paßé comme vn foudre;

1040 4404 2791 227 Les plus ſuperbes tours, ne ſont qu'vn peu de poudre;

1045 4584 2630 207 Tout flefchit, tout ſe rend, & mes heureux projets

1045 4740 2786 255 N’ont point eu d'ennemis, qui ne ſoient mes ſujets.

3647 4900 170 236 Vn
