4267 5708
913 423 2497 171 Et vous n'eſtes ſerui dans ce mauuais deſſein,

913 561 2611 228 Que parce qu'vn ſujet doit tout au Souuerain.

1869 813 880 195 TIRIDATE.

913 1051 2526 228 Soit qu'on me ſuiue icy, par amour, ou par force,

913 1246 2640 204 L'eſpoir d'vn grand butin, eſt vne belle amorce:

918 1407 2573 210 Et puis, leur volonté ne fait pas mes deſtins,

908 1569 2816 238 Ie ſuis Maiſtre, & mon bras ſçait punir les mutins.

1688 1812 1208 223 PHARNABASE.

908 2069 2569 237 Eſprit du grand Hermon, ſi ton œil me regarde;

903 2259 2517 204 Si tu vois le depoſt que tu mis en ma garde;

903 2416 2731 209 Sois teſmoin qu'auiourd'huy ma voix a combatu,

894 2582 2521 210 Les ſentimens d'vn fils qui n'a pas ta vertu;

899 2749 2801 190 Et ſi l'ire des Dieux dans quelque temps l’accable,

894 2901 2811 238 Grand Prince, ſouuiens toy qu'il en fut ſeul coupable.

1859 3144 904 204 TIRIDATE.

884 3386 2474 243 Vous meſme. Pharnabaſe, ayeZ le ſouuenir

889 3572 2426 252 Qu'vn diſcours inſolent ſe peut faire punir.

899 3748 2759 209 Chacun vit à ſa mode dans l'heur que i'eſpere,

899 3919 2506 214 Ie ne me regle point au Regne de mon pere:

908 4071 2792 248 Ce qui fut bon pour luy, ſeroit mauuais pour moy;

913 4247 2483 224 En vn mot il regnoit, & ie penſe eſtre Roy.

903 4409 2621 223 Mais le faſcheux objet que le Deſtin m'enuoye!

918 4571 2787 266 Dieux par quelle raiſon ſouffrez-vous qu'il me voye?

1289 228 2088 204 L'AMOVR TIRANNIQVE,

903 290 162 147 12
