4267 5704
451 380 2493 214 Et crois tu dans l'eſtat ou te ſuis deuant toy,

437 513 2674 261 Parce que i'ay des fers, que ie ne ſois plus Roy?

447 684 2507 242 Non, des biens ſeulement la fortune ſe joüe;

442 874 2217 233 Si tu n'es genereux, va, ie te deſauoüe.

1355 1107 952 209 TIGRANE.

447 1330 2654 286 Mais vous pouuoir ſauuer, & ne le faire pas!

1289 1616 1146 204 OROSMANE.

461 1853 2616 266 Empeſche noſtre honte, & non pas mon treſpas.

1355 2115 952 214 TIGRANE.

466 2333 2744 309 Et quoy, i'aurois le cœur de vous voir rauir l'ame?

1298 2680 1142 238 OROSMANE.

466 3018 2464 214 Regarde ſi ie tremble en voyant cette lame:

1346 3275 1075 285 PHRAARTE.

470 3522 785 247 Ha! c'eſt trop!

1389 3778 937 224 TIGRANE.

1503 4021 1655 261 Aſſaßin, arreſte ie me rends:

1289 4335 1122 261 OROSMANE.

494 4644 2402 285 L'honneur te le deffend, & ie te le deffends:

489 4857 2783 267 Va mourir ſur la breſche où l'honneur te demande.

3115 242 148 176 21

1113 180 1522 209 TRAGI-COMEDIE.

2649 5062 281 199 C iij

3296 3512 338 119 Il feint de

3301 3607 319 148 le fraper
