4267 5708
941 199 172 162 14

1241 171 2312 233 L’AMOVR TIRANNIQVE,

965 361 2636 228 Cette main, dont le bruit en ſa gloire naiſſante,

965 485 2754 252 Voila des bords du Tybre, aux nuages du Xanthe;

965 656 2440 252 Qui par tout ſurmonta les obſtacles offerts,

965 827 2797 248 A laiſſé choir vn Sceptre, & s'eſt ſoumiſe aux fers:

965 979 2636 262 Ta fraude, ie l'aduouë, a vaincu ma prudence;

970 1179 2588 219 I'ay commis vne faute, & i'en fais penitence;

975 1327 2454 247 Ie me conſume en vain en regrets ſuperflus;

970 1479 2654 276 N'es-tu pas ſatisſait? & que cherches-tu plus?

970 1664 2821 233 Veux tu bannir du monde vn innocent beau-frere?

979 1840 2512 238 Et parce que tu vois que le ſort m'eſt contraire,

970 1993 2264 247 Ton iniuſte fureur qui m'a tant outragé,

965 2159 2103 233 Veut-elle doublement affliger l'affligé?

970 2335 2160 205 Ne te ſuffit-il pas, inexorable Prince,

975 2492 2573 224 De m'auoir mis aux fers? deſolé la Prouince?

979 2654 2807 238 Et verſé tant de ſang, qui monte iuſqu'aux Cieux,

970 2834 2792 219 Pour demander vangeance à l'equité des Dieux?

984 2982 2802 271 Veux-tu donc qu'vn abiſme, apelle vn autre abiſ¬

1179 3186 252 162 me?

1008 3320 2697 223 Et qu'vn crime en ton ame, apelle vn autre crime?

984 3496 2460 214 Ha! pardonne à Tigrane, il a trop enduré;

998 3657 2393 224 Laiſſe à ce pauure Prince vn aZile aſſuré;

1008 3838 2502 195 Et ſans pourſuiure encor vn deſſein ſi funeſte,

1003 4000 2636 219 Souffre que d'vn Royaume, vne vide luy reſte:

1013 4166 2654 205 C'eſt bien la moindre part qu'vn fils y doit auoir:

1008 4333 2436 200 Ainſi iamais le ſort n'esbranle ton pouuoir;

1003 4495 2369 228 Ainſi le Ciel benin puiſſe oublier ta faute,

1008 4652 2559 275 Et ta main conſeruer le Sceptre qu'elle m'oſte.
