4267 5654
1508 494 807 189 HECVBE.

561 744 2786 212 Mais, Madame, ſouffrez que ma compagne & moy

561 909 2720 217 Sçachions quel eſt l'objet qui charme ainſi le Roy,

579 1074 2589 207 Nulle Dame à la Cour rien paroiſſant aimee,

551 1243 2754 255 Peut-il auoir vn feu ſans flame, & ſans fumee?

1447 1484 990 212 ORMENE.

570 1729 2673 235 Las! il n'eſt que trop vray que ſon cœur allumé,

561 1912 2343 236 Bruſle d’vn feu ſecret dont il eſt conſumé!

565 2091 2348 198 La flame qui deſtruit la Capadoce entiere,

570 2242 2593 212 Vient de celle d'amour qui luy ſert de matiere.

561 2402 2465 212 Ne vous ſouuient-il pas que le Roy vint icy

537 2572 2532 236 Pour viſiter mon pere, & que i'y vins außi?

556 2713 2777 236 Il vid pour mon mal-heur, le ſort m'eſtant contraire,

551 2883 2244 231 La belle Polixene eſpouſe de mon frere,

561 3057 2381 274 Et ſe laißa charmer a des attraits ſi dous:

1357 3321 1151 255 CASSANDRE.

551 3543 2768 259 Elle eſt belle (il eſt vray) mais non pas plus que vous.

1475 3764 891 288 HECVBE.

546 4056 2768 245 Et puis, quelques appas que l'on remarque en elle,

546 4231 2443 230 Eſtant ſa belle ſœur, ſa flame eſt criminelle.

1438 4400 980 372 ORMENE.

537 4706 2329 274 Il brûla cependant, depuis ce premier iour,

537 4867 2593 301 D'vn feu qui ſurmonta celuy de noſtre amour,

2725 5121 259 198 A ij

3300 304 64 129 3

1112 207 1617 226 TRAGI-COMEDIE.
