<?xml version="1.0" encoding="UTF-8"?>
<alto xmlns:xsi="http://www.w3.org/2001/XMLSchema-instance"
      xmlns="http://www.loc.gov/standards/alto/ns-v4#"
      xsi:schemaLocation="http://www.loc.gov/standards/alto/ns-v4# http://www.loc.gov/standards/alto/v4/alto-4-2.xsd">
  <Description>
    <MeasurementUnit>pixel</MeasurementUnit>
    <sourceImageInformation>
      <fileName>Scudery1639_Amour_btv1b8607044w_corrected_0020.png</fileName>
    </sourceImageInformation>
  </Description>
  <Tags>
    <OtherTag ID="BT7" LABEL="CustomZone" DESCRIPTION="block type CustomZone"/><OtherTag ID="BT8" LABEL="DamageZone" DESCRIPTION="block type DamageZone"/><OtherTag ID="BT9" LABEL="DigitizationArtefactZone" DESCRIPTION="block type DigitizationArtefactZone"/><OtherTag ID="BT10" LABEL="DropCapitalZone" DESCRIPTION="block type DropCapitalZone"/><OtherTag ID="BT11" LABEL="GraphicZone" DESCRIPTION="block type GraphicZone"/><OtherTag ID="BT12" LABEL="MainZone" DESCRIPTION="block type MainZone"/><OtherTag ID="BT13" LABEL="MarginTextZone" DESCRIPTION="block type MarginTextZone"/><OtherTag ID="BT14" LABEL="MusicZone" DESCRIPTION="block type MusicZone"/><OtherTag ID="BT15" LABEL="NumberingZone" DESCRIPTION="block type NumberingZone"/><OtherTag ID="BT17" LABEL="QuireMarksZone" DESCRIPTION="block type QuireMarksZone"/><OtherTag ID="BT18" LABEL="RunningTitleZone" DESCRIPTION="block type RunningTitleZone"/><OtherTag ID="BT19" LABEL="SealZone" DESCRIPTION="block type SealZone"/><OtherTag ID="BT20" LABEL="StampZone" DESCRIPTION="block type StampZone"/><OtherTag ID="BT21" LABEL="TableZone" DESCRIPTION="block type TableZone"/><OtherTag ID="BT22" LABEL="TitlePageZone" DESCRIPTION="block type TitlePageZone"/><OtherTag ID="BT322" LABEL="Title" DESCRIPTION="block type Title"/><OtherTag ID="BT323" LABEL="Stamp" DESCRIPTION="block type Stamp"/><OtherTag ID="BT324" LABEL="Decoration" DESCRIPTION="block type Decoration"/><OtherTag ID="BT325" LABEL="DropCapital" DESCRIPTION="block type DropCapital"/><OtherTag ID="BT326" LABEL="Main" DESCRIPTION="block type Main"/><OtherTag ID="BT327" LABEL="Signatures" DESCRIPTION="block type Signatures"/><OtherTag ID="BT328" LABEL="RunningTitle" DESCRIPTION="block type RunningTitle"/><OtherTag ID="BT329" LABEL="Numbering" DESCRIPTION="block type Numbering"/><OtherTag ID="BT330" LABEL="Damage" DESCRIPTION="block type Damage"/><OtherTag ID="BT331" LABEL="Margin" DESCRIPTION="block type Margin"/>
    <OtherTag ID="LT7" LABEL="CustomLine" DESCRIPTION="line type CustomLine"/><OtherTag ID="LT8" LABEL="DefaultLine" DESCRIPTION="line type DefaultLine"/><OtherTag ID="LT9" LABEL="DropCapitalLine" DESCRIPTION="line type DropCapitalLine"/><OtherTag ID="LT10" LABEL="HeadingLine" DESCRIPTION="line type HeadingLine"/><OtherTag ID="LT11" LABEL="InterlinearLine" DESCRIPTION="line type InterlinearLine"/><OtherTag ID="LT12" LABEL="MusicLine" DESCRIPTION="line type MusicLine"/><OtherTag ID="LT208" LABEL="Default" DESCRIPTION="line type Default"/><OtherTag ID="LT209" LABEL="Rubric" DESCRIPTION="line type Rubric"/>
  </Tags>
  <Layout>
    <Page WIDTH="4267"
          HEIGHT="5575"
          PHYSICAL_IMG_NR="4"
          ID="eSc_dummypage_">
      <PrintSpace HPOS="0"
                  VPOS="0"
                  WIDTH="4267"
                  HEIGHT="5575">
        <TextBlock HPOS="851.0"
                   VPOS="354.0"
                   WIDTH="2973.0"
                   HEIGHT="4572.0"
                   ID="eSc_textblock_0334db58"
                   TAGREFS="BT326">
          <Shape><Polygon POINTS="851 354 851 4926 3824 4926 3824 384"/></Shape>
          <TextLine ID="tl_2"
                    TAGREFS="LT208"
                    BASELINE="885 447 1110 441 1275 445 1382 443 1476 443 1716 445 1910 449 2094 452 2470 458 2896 468 3158 474 3595 502" 
                    HPOS="878"
                    VPOS="357"
                    WIDTH="2715"
                    HEIGHT="163">
            <Shape><Polygon POINTS="3067 376 2835 376 2788 371 2598 371 2579 376 2565 371 2370 371 2324 367 1859 367 1812 362 1347 362 1301 357 883 357 883 446 878 464 3583 520 3593 501 3588 404 3067 376"/></Shape>
	    <String CONTENT="Poëme, &amp; ſi ie rends tous mes Lecteurs perſuadez de ſon excellence."
                    HPOS="878"
                    VPOS="357"
                    WIDTH="2715"
                    HEIGHT="163"></String>
          </TextLine>
          <TextLine ID="tl_3"
                    TAGREFS="LT208"
                    BASELINE="971 560 1140 542 1224 542 1326 544 1488 548 1764 544 1976 551 2074 551 2318 557 2442 557 2642 562 3002 576 3120 577 3535 598 3620 606 3767 610" 
                    HPOS="962"
                    VPOS="441"
                    WIDTH="2803"
                    HEIGHT="186">
            <Shape><Polygon POINTS="3565 501 3518 501 3425 492 3379 492 3290 483 3058 473 3039 469 2919 469 2881 464 2686 464 2668 459 2403 473 2333 473 2193 455 2128 455 2087 450 2031 464 1966 450 1896 446 1780 459 1743 446 1292 446 1268 441 1106 446 1087 441 1013 441 966 446 966 557 962 576 3755 627 3765 608 3765 501 3565 492 3565 501"/></Shape>
	    <String CONTENT="Que ſi ie ſuis obligé dans la ſuitte de mon diſcours de comparer à cét"
                    HPOS="962"
                    VPOS="441"
                    WIDTH="2803"
                    HEIGHT="186"></String>
          </TextLine>
          <TextLine ID="tl_4"
                    TAGREFS="LT208"
                    BASELINE="887 647 1206 647 1586 648 1932 652 2074 653 2556 664 2725 668 3435 692 3767 716" 
                    HPOS="878"
                    VPOS="538"
                    WIDTH="2887"
                    HEIGHT="196">
            <Shape><Polygon POINTS="3253 585 3207 580 3174 580 3035 594 2895 571 2835 566 2788 566 2761 562 2649 562 2635 557 2491 557 2440 580 2426 580 2342 557 2291 552 2082 571 2031 571 1984 548 1877 548 1664 562 1631 548 1547 548 1529 557 1496 548 1347 548 1338 543 1338 548 1320 552 1092 543 1069 548 976 557 966 538 883 538 883 645 878 664 3755 734 3765 715 3765 617 3337 608 3328 603 3253 585"/></Shape>
	    <String CONTENT="ouurage quelques endroits des Anciens, ce ſera ſeulement pour en appuyer"
                    HPOS="878"
                    VPOS="538"
                    WIDTH="2887"
                    HEIGHT="196"></String>
          </TextLine>
          <TextLine ID="tl_5"
                    TAGREFS="LT208"
                    BASELINE="890 751 959 748 1343 746 1479 748 1616 747 1879 753 2096 756 2321 761 3241 808 3427 796 3590 812 3766 820" 
                    HPOS="883"
                    VPOS="650"
                    WIDTH="2882"
                    HEIGHT="190">
            <Shape><Polygon POINTS="2886 673 2840 669 2770 687 2747 669 2714 664 2514 687 2468 659 2324 673 2189 655 1989 655 1924 664 1896 664 1464 650 887 650 887 747 883 757 1580 785 1891 766 1956 799 2291 780 3755 840 3765 817 3765 724 2923 673 2886 673"/></Shape>
	    <String CONTENT="la deffence: ou s&#x27;il arrive qu’il faille les conteſter, ie le feray ſans envie &amp;"
                    HPOS="883"
                    VPOS="650"
                    WIDTH="2882"
                    HEIGHT="190"></String>
          </TextLine>
          <TextLine ID="tl_6"
                    TAGREFS="LT208"
                    BASELINE="890 851 1045 848 1479 846 1542 865 1655 850 1839 854 2253 861 2458 864 2599 869 2973 880 3380 893" 
                    HPOS="883"
                    VPOS="747"
                    WIDTH="2496"
                    HEIGHT="168">
            <Shape><Polygon POINTS="3346 799 3300 803 3253 803 3207 803 3160 803 3114 799 3067 799 3021 794 2974 794 2928 789 2881 789 2835 785 2788 785 2751 780 1106 747 1073 747 1027 747 980 747 934 752 887 752 887 850 883 878 3369 915 3379 892 3374 799 3346 799"/></Shape>
	    <String CONTENT="ſans affectation, &amp; lors ſeulement qu’il me ſemblera neceſſaire."
                    HPOS="883"
                    VPOS="747"
                    WIDTH="2496"
                    HEIGHT="168"></String>
          </TextLine>
          <TextLine ID="tl_7"
                    TAGREFS="LT208"
                    BASELINE="966 947 1073 946 1271 945 1369 947 1575 974 1735 953 1859 956 1953 956 2033 958 2155 963 2499 967 2605 971 2915 986 3156 990 3458 1001 3761 1036" 
                    HPOS="957"
                    VPOS="850"
                    WIDTH="2803"
                    HEIGHT="204">
            <Shape><Polygon POINTS="3007 882 2960 878 2821 878 2774 873 2635 873 2612 868 2561 892 2510 868 2286 882 2268 864 2207 859 2147 878 2124 859 2077 859 2035 854 1989 864 1947 854 1849 854 1840 864 1798 850 1691 850 1654 859 1631 859 1608 854 1566 859 1519 859 1473 850 962 850 962 943 957 961 3751 1054 3760 1031 3760 933 3685 905 3560 929 3518 896 3500 896 3448 919 3393 892 3053 901 3030 882 3007 882"/></Shape>
	    <String CONTENT="En effet ie n’ay pas deſſein de charger ce Traitté d’vne ſcience inutile,"
                    HPOS="957"
                    VPOS="850"
                    WIDTH="2803"
                    HEIGHT="204"></String>
          </TextLine>
          <TextLine ID="tl_8"
                    TAGREFS="LT208"
                    BASELINE="899 1047 986 1074 1186 1049 1520 1051 1986 1059 2090 1064 2622 1078" 
                    HPOS="892"
                    VPOS="947"
                    WIDTH="1729"
                    HEIGHT="154">
            <Shape><Polygon POINTS="1631 966 1585 970 1538 970 1492 961 1454 957 901 947 897 1045 892 1068 2612 1101 2621 1077 2621 980 1668 961 1631 966"/></Shape>
	    <String CONTENT="ny d’en eſtudier exactement la compoſition."
                    HPOS="892"
                    VPOS="947"
                    WIDTH="1729"
                    HEIGHT="154"></String>
          </TextLine>
          <TextLine ID="tl_9"
                    TAGREFS="LT208"
                    BASELINE="995 1150 1128 1150 1680 1156 1846 1162 2116 1164 2262 1170 2548 1178 2668 1179 3162 1194 3207 1207 3322 1200 3507 1208 3767 1228" 
                    HPOS="990"
                    VPOS="1049"
                    WIDTH="2775"
                    HEIGHT="200">
            <Shape><Polygon POINTS="2621 1077 2561 1077 2537 1091 2519 1077 2444 1073 2333 1087 2179 1068 2110 1068 2017 1059 2008 1054 1887 1068 1798 1073 1608 1054 1552 1054 1506 1049 1459 1049 1431 1063 1417 1049 1306 1049 1259 1059 1236 1049 1180 1049 1087 1059 1041 1068 1017 1068 994 1147 990 1175 3755 1249 3765 1226 3760 1124 3606 1124 3593 1101 3588 1101 3588 1096 3574 1096 3481 1115 3467 1115 3439 1091 3421 1091 3355 1110 3318 1087 3295 1087 3263 1110 2909 1105 2872 1073 2621 1068 2621 1077"/></Shape>
	    <String CONTENT="Les Panegyriques ont beſoin des graces de l’Eloquence, &amp; des forces"
                    HPOS="990"
                    VPOS="1049"
                    WIDTH="2775"
                    HEIGHT="200"></String>
          </TextLine>
          <TextLine ID="tl_10"
                    TAGREFS="LT208"
                    BASELINE="899 1251 982 1248 1078 1249 1589 1264 1798 1263 1974 1265 2126 1268 2270 1274 2879 1288 3004 1294 3369 1303 3647 1323 3765 1326" 
                    HPOS="892"
                    VPOS="1142"
                    WIDTH="2873"
                    HEIGHT="209">
            <Shape><Polygon POINTS="1175 1152 1129 1152 1083 1152 1036 1152 990 1147 985 1142 897 1142 897 1249 892 1272 3755 1351 3765 1324 3765 1231 1194 1152 1175 1152"/></Shape>
	    <String CONTENT="de la Rhetorique, mais non pas les Commentaires; &amp; puiſque i’eſcris de"
                    HPOS="892"
                    VPOS="1142"
                    WIDTH="2873"
                    HEIGHT="209"></String>
          </TextLine>
          <TextLine ID="tl_11"
                    TAGREFS="LT208"
                    BASELINE="901 1349 1174 1351 1649 1362 1783 1365 2129 1373 2670 1401 2996 1394 3171 1398 3265 1402 3461 1409 3609 1420 3772 1420" 
                    HPOS="892"
                    VPOS="1249"
                    WIDTH="2877"
                    HEIGHT="200">
            <Shape><Polygon POINTS="1640 1263 1594 1263 1547 1263 1501 1263 1454 1263 1408 1259 1361 1259 1315 1254 1268 1254 1222 1254 1175 1249 1129 1249 1083 1249 1036 1249 990 1249 943 1249 897 1249 897 1347 892 1370 3760 1449 3769 1416 3769 1328 1650 1263 1640 1263"/></Shape>
	    <String CONTENT="ſmples Remarques ſur l’amour Tyrannique, pluſtoſt que ie n’en fais l’E¬"
                    HPOS="892"
                    VPOS="1249"
                    WIDTH="2877"
                    HEIGHT="200"></String>
          </TextLine>
          <TextLine ID="tl_12"
                    TAGREFS="LT208"
                    BASELINE="896 1449 1101 1465 1195 1455 1535 1487 1639 1463 1835 1470 1945 1472 2393 1481 2609 1485 2737 1488 2953 1493 3129 1501 3285 1507 3411 1510 3554 1519 3770 1522" 
                    HPOS="887"
                    VPOS="1347"
                    WIDTH="2882"
                    HEIGHT="227">
            <Shape><Polygon POINTS="2700 1398 2654 1398 2607 1398 2561 1393 2556 1393 2514 1393 2491 1389 1496 1361 1496 1361 1492 1356 1194 1351 1171 1351 1124 1351 1078 1351 1031 1351 985 1351 938 1351 892 1347 892 1444 887 1472 3369 1528 3383 1533 3490 1561 3495 1561 3500 1561 3625 1547 3667 1574 3672 1574 3676 1574 3681 1574 3685 1574 3765 1542 3769 1519 3769 1430 2705 1398 2700 1398"/></Shape>
	    <String CONTENT="loge, ie laiſſeray le ſoin de l’elocution pour vn autre ſujet, &amp; il me ſuffi¬"
                    HPOS="887"
                    VPOS="1347"
                    WIDTH="2882"
                    HEIGHT="227"></String>
          </TextLine>
          <TextLine ID="tl_13"
                    TAGREFS="LT208"
                    BASELINE="896 1551 973 1550 1097 1553 1405 1560 1603 1565 2111 1578 2553 1586 2723 1594 3044 1599 3193 1603 3364 1609 3774 1630" 
                    HPOS="887"
                    VPOS="1458"
                    WIDTH="2882"
                    HEIGHT="205">
            <Shape><Polygon POINTS="3727 1519 3681 1519 3634 1519 3588 1519 3541 1514 3495 1514 3448 1514 3402 1509 3355 1509 3309 1509 3263 1505 3216 1505 3170 1505 3137 1500 1589 1468 1589 1472 1543 1486 1496 1486 1450 1482 1403 1477 1357 1472 1310 1468 1292 1463 1124 1458 1124 1463 1078 1463 1064 1458 892 1458 892 1547 887 1584 2068 1593 2496 1630 2579 1635 2584 1635 2635 1635 2914 1621 3058 1644 3086 1649 3091 1649 3142 1649 3421 1635 3458 1658 3462 1658 3467 1658 3760 1663 3769 1626 3769 1519 3727 1519"/></Shape>
	    <String CONTENT="ra de traitter ceſte matiere auec la ſimplicité, &amp; l’ordre qui ſont neceſſaires"
                    HPOS="887"
                    VPOS="1458"
                    WIDTH="2882"
                    HEIGHT="205"></String>
          </TextLine>
          <TextLine ID="tl_14"
                    TAGREFS="LT208"
                    BASELINE="896 1653 1153 1658 1682 1670" 
                    HPOS="887"
                    VPOS="1561"
                    WIDTH="790"
                    HEIGHT="130">
            <Shape><Polygon POINTS="892 1649 887 1681 1668 1691 1677 1667 1673 1570 892 1561 892 1649"/></Shape>
	    <String CONTENT="au ſtile dogmatique."
                    HPOS="887"
                    VPOS="1561"
                    WIDTH="790"
                    HEIGHT="130"></String>
          </TextLine>
          <TextLine ID="tl_15"
                    TAGREFS="LT208"
                    BASELINE="973 1760 1706 1773 1866 1777 1964 1779 2128 1781 2249 1785 2698 1798 3164 1812 3327 1818 3603 1826 3781 1832" 
                    HPOS="966"
                    VPOS="1653"
                    WIDTH="2812"
                    HEIGHT="205">
            <Shape><Polygon POINTS="1668 1667 1622 1667 1575 1667 1529 1667 1482 1663 1436 1663 1389 1663 1343 1663 1296 1658 1250 1658 1203 1658 1157 1658 1110 1653 1064 1653 1017 1653 971 1653 971 1756 966 1788 3769 1858 3778 1830 3774 1723 1668 1663 1668 1667"/></Shape>
	    <String CONTENT="Toutefois, d’autant que ce ſtile eſt d’ordinaire eſpineux, &amp; que l’ordre tout"
                    HPOS="966"
                    VPOS="1653"
                    WIDTH="2812"
                    HEIGHT="205"></String>
          </TextLine>
          <TextLine ID="tl_16"
                    TAGREFS="LT208"
                    BASELINE="897 1858 1290 1866 1436 1871 1749 1890 1866 1881 1994 1882 2166 1885 2320 1889 2491 1895 2873 1904 2987 1906 3373 1923 3583 1928 3783 1934" 
                    HPOS="887"
                    VPOS="1756"
                    WIDTH="2891"
                    HEIGHT="204">
            <Shape><Polygon POINTS="3774 1830 3727 1830 3681 1830 3634 1830 3588 1825 3541 1825 3495 1825 3458 1821 3416 1821 3402 1821 3355 1821 3332 1816 3235 1816 3216 1816 3170 1816 3142 1811 3053 1811 3030 1811 3021 1807 1250 1765 1217 1765 1203 1760 1069 1760 1031 1760 985 1760 980 1756 892 1756 892 1853 887 1881 3769 1960 3778 1932 3778 1830 3774 1830"/></Shape>
	    <String CONTENT="ſimple eſt ſec &amp; ſterile, ce ne ſera pas ſans temperer en quelques lieux ceſte"
                    HPOS="887"
                    VPOS="1756"
                    WIDTH="2891"
                    HEIGHT="204"></String>
          </TextLine>
          <TextLine ID="tl_17"
                    TAGREFS="LT208"
                    BASELINE="895 1960 1148 1962 1254 1965 1451 1971 1820 1980 1980 1985 2197 1986 2515 1997 2871 2008 3113 2015 3197 2017 3319 2022 3657 2032 3781 2038" 
                    HPOS="887"
                    VPOS="1858"
                    WIDTH="2891"
                    HEIGHT="218">
            <Shape><Polygon POINTS="2333 1890 2328 1886 2189 1886 2147 1886 2100 1886 2054 1886 2008 1886 1961 1881 1915 1881 1868 1881 1822 1881 1775 1886 1729 1886 1682 1886 1636 1881 1589 1881 1543 1876 1496 1872 1450 1872 1403 1867 1357 1867 1310 1867 1264 1862 1217 1862 1171 1862 1124 1862 1078 1858 1031 1858 985 1858 938 1858 892 1858 892 1955 887 1979 2942 2058 2946 2058 3249 2044 3253 2044 3258 2044 3606 2076 3611 2076 3774 2053 3778 2034 3778 1937 2333 1890 2333 1890"/></Shape>
	    <String CONTENT="dureté &amp; ceſte ſechereſſe, &amp; ſans donner quelque choſe à la volupté de"
                    HPOS="887"
                    VPOS="1858"
                    WIDTH="2891"
                    HEIGHT="218"></String>
          </TextLine>
          <TextLine ID="tl_18"
                    TAGREFS="LT208"
                    BASELINE="890 2062 1179 2065" 
                    HPOS="883"
                    VPOS="1955"
                    WIDTH="292"
                    HEIGHT="140">
            <Shape><Polygon POINTS="1166 1965 1157 1960 1096 1960 1073 1960 1027 1960 980 1960 934 1960 887 1955 887 2058 883 2076 1166 2095 1175 2062 1171 1965 1166 1965"/></Shape>
	    <String CONTENT="l&#x27;eſprit."
                    HPOS="883"
                    VPOS="1955"
                    WIDTH="292"
                    HEIGHT="140"></String>
          </TextLine>
          <TextLine ID="tl_19"
                    TAGREFS="LT208"
                    BASELINE="972 2166 1595 2171 1715 2171 2187 2184 2247 2187 2475 2197 2581 2199 2776 2205 3182 2231 3245 2248 3778 2238" 
                    HPOS="966"
                    VPOS="2044"
                    WIDTH="2808"
                    HEIGHT="213">
            <Shape><Polygon POINTS="1017 2062 971 2062 971 2164 966 2188 1078 2216 1092 2216 1124 2192 1343 2192 1459 2220 1612 2197 3765 2257 3774 2234 3765 2113 3430 2118 3397 2104 3374 2085 3355 2085 3239 2118 3049 2085 3039 2085 2979 2113 2695 2067 2681 2067 2621 2109 2430 2109 2259 2076 2142 2058 2133 2058 2091 2072 2026 2099 1887 2099 1798 2058 1343 2044 1124 2081 1036 2062 1017 2062"/></Shape>
	    <String CONTENT="Auparauant que de commencer à iuger de ceſte Tragedie, (c’eſt ainſi que"
                    HPOS="966"
                    VPOS="2044"
                    WIDTH="2808"
                    HEIGHT="213"></String>
          </TextLine>
          <TextLine ID="tl_20"
                    TAGREFS="LT208"
                    BASELINE="896 2260 1083 2263 1603 2273 1713 2271 1879 2275 2023 2278 3790 2337" 
                    HPOS="887"
                    VPOS="2151"
                    WIDTH="2901"
                    HEIGHT="209">
            <Shape><Polygon POINTS="3774 2234 3727 2239 3263 2243 3216 2239 3170 2230 3123 2230 3030 2220 2984 2220 2891 2211 2844 2211 2784 2202 2612 2202 2589 2197 2472 2197 2458 2192 1636 2174 1608 2169 985 2169 976 2151 892 2151 892 2257 887 2281 3778 2360 3788 2336 3788 2234 3774 2230 3774 2234"/></Shape>
	    <String CONTENT="nous l’appellerons &amp; non pas Tragi-Comedie, pour les raiſons que nous en"
                    HPOS="887"
                    VPOS="2151"
                    WIDTH="2901"
                    HEIGHT="209"></String>
          </TextLine>
          <TextLine ID="tl_21"
                    TAGREFS="LT208"
                    BASELINE="895 2362 1363 2363 1489 2364 1664 2366 1873 2393 1967 2371 2149 2373 2342 2380 2604 2390 2731 2398 2818 2404 2898 2404 3032 2407 3340 2418 3505 2428 3587 2432 3789 2429" 
                    HPOS="887"
                    VPOS="2262"
                    WIDTH="2901"
                    HEIGHT="181">
            <Shape><Polygon POINTS="3769 2336 3537 2332 3490 2327 3397 2327 3351 2322 3258 2322 3211 2318 3118 2318 3072 2313 2979 2313 2932 2308 2700 2304 2654 2299 2468 2295 2421 2290 2328 2290 2282 2285 2049 2281 2021 2276 1896 2295 1868 2281 1859 2271 1668 2271 1208 2281 994 2262 892 2262 892 2360 887 2387 3778 2443 3788 2425 3778 2336 3769 2336"/></Shape>
	    <String CONTENT="apporterons en leur lieu) il faut voir quelle eſt la fin &amp; l’vſage que ſe pro¬"
                    HPOS="887"
                    VPOS="2262"
                    WIDTH="2901"
                    HEIGHT="181"></String>
          </TextLine>
          <TextLine ID="tl_22"
                    TAGREFS="LT208"
                    BASELINE="894 2492 1152 2463 1308 2464 1606 2469 1761 2472 1898 2470 2072 2474 2170 2476 2622 2490 2802 2498 3026 2505 3346 2515 3467 2521 3535 2527 3781 2526" 
                    HPOS="892"
                    VPOS="2364"
                    WIDTH="2886"
                    HEIGHT="181">
            <Shape><Polygon POINTS="3769 2429 3537 2429 3444 2425 3411 2420 2654 2415 2612 2397 2598 2387 2468 2387 2398 2397 2314 2378 2235 2374 2068 2392 1984 2383 1942 2374 1863 2392 1770 2383 1724 2374 1719 2369 1719 2374 1585 2383 1250 2364 980 2364 943 2383 911 2364 892 2364 892 2513 1124 2485 3769 2545 3778 2522 3774 2429 3769 2429"/></Shape>
	    <String CONTENT="poſent ces Poëmes, &amp; ce que le Philoſophe que nous ſuiuons en a enſei¬"
                    HPOS="892"
                    VPOS="2364"
                    WIDTH="2886"
                    HEIGHT="181"></String>
          </TextLine>
          <TextLine ID="tl_23"
                    TAGREFS="LT208"
                    BASELINE="898 2594 1040 2564 1438 2569 1608 2571 1808 2573 1936 2576 2328 2583 2600 2592 2799 2598 3171 2627 3365 2619 3479 2624 3779 2626" 
                    HPOS="892"
                    VPOS="2466"
                    WIDTH="2886"
                    HEIGHT="182">
            <Shape><Polygon POINTS="3681 2527 3541 2527 3448 2518 3379 2518 3369 2522 3346 2513 3216 2513 3179 2508 3100 2518 3081 2508 3030 2508 2984 2504 2937 2513 2723 2513 2505 2508 2468 2480 2440 2480 2333 2504 2319 2504 2226 2476 1966 2494 1840 2471 1784 2471 1687 2490 1659 2471 1636 2471 1617 2466 1533 2485 1506 2466 1124 2466 897 2490 897 2592 892 2601 1069 2583 1083 2601 1087 2601 1087 2606 1320 2587 1496 2615 1515 2615 1566 2592 2147 2601 2189 2629 2207 2629 2286 2606 2537 2606 2598 2638 2774 2620 2798 2634 2807 2643 2816 2643 2821 2648 3774 2648 3778 2624 3774 2531 3681 2527"/></Shape>
	    <String CONTENT="gné. D’autant que tous les ouurages eſtant plus parfaits, plus ils appro¬"
                    HPOS="892"
                    VPOS="2466"
                    WIDTH="2886"
                    HEIGHT="182"></String>
          </TextLine>
          <TextLine ID="tl_24"
                    TAGREFS="LT208"
                    BASELINE="904 2668 1118 2668 1241 2669 1430 2671 1561 2674 1609 2687 1694 2677 1913 2678 2087 2682 2209 2685 2447 2690 2647 2697 2824 2701 3287 2719 3421 2724 3535 2727 3657 2736 3783 2739" 
                    HPOS="897"
                    VPOS="2564"
                    WIDTH="2881"
                    HEIGHT="200">
            <Shape><Polygon POINTS="3360 2620 3128 2624 3035 2615 2988 2615 2863 2601 2849 2615 2830 2601 2761 2597 2635 2610 2556 2587 2514 2587 2468 2606 2356 2583 2305 2578 2073 2597 2031 2578 1970 2578 1952 2573 1863 2592 1836 2592 1729 2573 1645 2573 1617 2569 1603 2583 1524 2569 1459 2569 1431 2564 1371 2578 1329 2564 1255 2564 1245 2573 1180 2564 1041 2564 901 2592 901 2666 897 2689 3769 2764 3778 2736 3778 2643 3360 2620"/></Shape>
	    <String CONTENT="chent de leur fin; il nous ſera en ſuitte plus aiſé d’examiner s’il en eſt de"
                    HPOS="897"
                    VPOS="2564"
                    WIDTH="2881"
                    HEIGHT="200"></String>
          </TextLine>
          <TextLine ID="tl_25"
                    TAGREFS="LT208"
                    BASELINE="900 2769 1159 2769 1515 2799 1639 2776 2039 2783 2159 2786 2509 2822 2566 2811 2645 2803 2811 2804 2879 2804 2985 2806 3233 2820 3359 2823 3782 2837" 
                    HPOS="892"
                    VPOS="2666"
                    WIDTH="2886"
                    HEIGHT="214">
            <Shape><Polygon POINTS="3448 2727 3425 2722 3309 2722 3263 2717 3170 2717 3030 2708 2881 2722 2695 2699 2658 2699 2612 2694 2561 2694 2500 2713 2421 2689 2333 2689 2305 2685 2272 2694 2254 2694 2203 2685 2105 2685 2068 2680 2040 2694 1919 2694 1905 2680 1817 2680 1803 2685 1780 2680 1687 2680 1640 2685 1594 2685 1561 2676 1422 2671 943 2671 897 2666 897 2768 892 2787 1757 2796 1901 2829 2110 2806 2486 2852 2719 2829 2812 2847 2919 2861 2937 2847 2956 2838 2974 2852 3012 2871 3025 2871 3067 2852 3081 2871 3086 2871 3086 2875 3104 2875 3188 2847 3383 2880 3774 2871 3778 2833 3778 2745 3448 2727"/></Shape>
	    <String CONTENT="meſme de celuy de Monſieur de Scudery, &amp; s’il a ce degré de perfection"
                    HPOS="892"
                    VPOS="2666"
                    WIDTH="2886"
                    HEIGHT="214"></String>
          </TextLine>
          <TextLine ID="tl_26"
                    TAGREFS="LT208"
                    BASELINE="903 2900 1047 2872 1247 2871 1746 2886" 
                    HPOS="901"
                    VPOS="2773"
                    WIDTH="842"
                    HEIGHT="135">
            <Shape><Polygon POINTS="1501 2796 1454 2796 1408 2792 1361 2787 1315 2782 1268 2778 1222 2778 1203 2773 1115 2782 1096 2782 1092 2782 1078 2773 1036 2773 990 2773 952 2773 901 2778 901 2899 901 2908 1738 2908 1743 2885 1738 2792 1547 2792 1501 2796"/></Shape>
	    <String CONTENT="que nous ſouhaittons."
                    HPOS="901"
                    VPOS="2773"
                    WIDTH="842"
                    HEIGHT="135"></String>
          </TextLine>
          <TextLine ID="tl_27"
                    TAGREFS="LT208"
                    BASELINE="981 2974 1081 2973 1321 2974 1682 2983 2140 2991 2778 3010 2849 3011 3296 3024 3440 3027 3790 3039" 
                    HPOS="976"
                    VPOS="2871"
                    WIDTH="2812"
                    HEIGHT="199">
            <Shape><Polygon POINTS="1724 2885 1677 2885 1631 2885 1585 2880 1538 2880 1492 2875 1445 2875 1399 2875 1357 2871 1324 2871 1306 2871 1259 2871 1213 2871 1166 2871 1120 2871 1073 2871 1027 2875 980 2885 980 2973 976 3005 1826 3005 1938 3029 1942 3029 1947 3029 1952 3029 2026 3010 3778 3070 3788 3038 3788 2936 1724 2880 1724 2885"/></Shape>
	    <String CONTENT="La Muſe tragique s’occupant principalement à eſmouuoir les paſſions"
                    HPOS="976"
                    VPOS="2871"
                    WIDTH="2812"
                    HEIGHT="199"></String>
          </TextLine>
          <TextLine ID="tl_28"
                    TAGREFS="LT208"
                    BASELINE="899 3074 1528 3093 1828 3088 2178 3094 2674 3107 2962 3114 3378 3127 3435 3139 3785 3139" 
                    HPOS="892"
                    VPOS="2954"
                    WIDTH="2891"
                    HEIGHT="214">
            <Shape><Polygon POINTS="3685 3038 3639 3033 3546 3029 3523 3029 3500 3038 3486 3038 3351 3024 3314 3024 3267 3019 3128 3019 3007 3029 2979 3015 2849 3015 2761 3005 2375 3015 2338 2996 2291 2991 2175 2991 1966 3005 1928 2987 1822 2987 1761 2996 1747 2987 1687 2987 1654 2982 1603 2996 1399 2977 1315 2973 1106 2973 1004 2982 901 2954 897 3070 892 3098 3774 3168 3783 3135 3783 3047 3723 3038 3685 3038"/></Shape>
	    <String CONTENT="des Spectateurs, par les funeſtes Aduantures qu&#x27;elle repreſente, Ariſtote"
                    HPOS="892"
                    VPOS="2954"
                    WIDTH="2891"
                    HEIGHT="214"></String>
          </TextLine>
          <TextLine ID="tl_29"
                    TAGREFS="LT208"
                    BASELINE="901 3174 1171 3175 1348 3179 1446 3181 1898 3192 2022 3193 2360 3202 2417 3216 2494 3207 2652 3209 3044 3218 3211 3228 3457 3229 3547 3231 3783 3223" 
                    HPOS="892"
                    VPOS="3075"
                    WIDTH="2886"
                    HEIGHT="177">
            <Shape><Polygon POINTS="3727 3140 3448 3140 3411 3135 2830 3131 2816 3112 2807 3108 2761 3108 2649 3122 2556 3103 2519 3103 2472 3098 2328 3117 2272 3094 2212 3094 2026 3112 1956 3089 1896 3089 1794 3108 1770 3089 1659 3089 1557 3103 1533 3089 1408 3089 1361 3084 1222 3084 1194 3080 994 3089 938 3075 897 3075 897 3173 892 3200 3769 3252 3778 3219 3769 3140 3727 3140"/></Shape>
	    <String CONTENT="a penſé que ſa fin eſtoit de les appaiſer, &amp; de redonner aux Ames la tran¬"
                    HPOS="892"
                    VPOS="3075"
                    WIDTH="2886"
                    HEIGHT="177"></String>
          </TextLine>
          <TextLine ID="tl_30"
                    TAGREFS="LT208"
                    BASELINE="908 3304 1118 3278 1304 3282 1416 3283 1673 3291 1975 3295 2145 3295 2379 3303 2621 3310 2734 3313 2813 3313 3022 3319 3211 3324 3319 3326 3570 3348 3693 3335 3783 3337" 
                    HPOS="901"
                    VPOS="3177"
                    WIDTH="2877"
                    HEIGHT="186">
            <Shape><Polygon POINTS="3504 3233 3458 3233 3430 3228 3328 3228 3318 3228 3272 3228 3225 3228 3193 3224 2472 3210 2435 3214 2389 3210 2379 3205 906 3177 906 3303 901 3307 3769 3363 3778 3335 3774 3238 3509 3228 3504 3233"/></Shape>
	    <String CONTENT="quilité, &amp; le calme qu’elle leur auoit oſtée. Il a creû que la pitié, &amp; la"
                    HPOS="901"
                    VPOS="3177"
                    WIDTH="2877"
                    HEIGHT="186"></String>
          </TextLine>
          <TextLine ID="tl_31"
                    TAGREFS="LT208"
                    BASELINE="908 3374 1177 3381 1459 3388 1695 3391 1846 3393 1989 3422 2327 3404 2688 3428 2851 3417 3127 3420 3251 3427 3607 3431 3664 3444 3789 3435" 
                    HPOS="901"
                    VPOS="3279"
                    WIDTH="2887"
                    HEIGHT="186">
            <Shape><Polygon POINTS="3551 3345 3518 3345 3509 3340 3365 3326 3323 3326 3239 3335 3225 3326 3179 3321 3058 3321 2942 3331 2867 3317 2761 3317 2747 3312 2742 3317 2714 3326 2342 3298 1970 3298 1961 3293 1891 3298 1510 3303 1482 3284 1324 3284 1320 3279 1306 3284 966 3298 962 3293 952 3298 920 3298 901 3396 1199 3428 1622 3414 1724 3414 3778 3465 3788 3433 3778 3345 3551 3345"/></Shape>
	    <String CONTENT="terreur, eſtant celles qui luy eſtoient propres, elle deuoit les reprimer, &amp;"
                    HPOS="901"
                    VPOS="3279"
                    WIDTH="2887"
                    HEIGHT="186"></String>
          </TextLine>
          <TextLine ID="tl_32"
                    TAGREFS="LT208"
                    BASELINE="904 3478 1007 3481 1325 3485 1389 3490 1563 3488 2011 3498 2528 3514 2761 3509 2893 3512 3139 3522 3476 3528 3595 3530 3790 3521" 
                    HPOS="897"
                    VPOS="3372"
                    WIDTH="2891"
                    HEIGHT="172">
            <Shape><Polygon POINTS="3690 3442 3644 3442 3630 3437 2816 3419 2807 3419 2761 3423 2714 3423 2668 3423 2621 3423 2575 3419 2528 3414 2482 3414 2435 3410 2430 3405 2245 3405 2203 3410 2156 3410 2110 3414 2063 3419 2017 3419 1970 3419 1924 3410 1877 3400 1849 3391 1668 3391 1645 3391 1598 3391 1552 3391 1506 3391 1459 3391 1413 3386 1366 3386 1320 3386 1273 3382 1227 3382 1180 3382 1143 3377 1092 3377 1087 3377 1041 3377 994 3377 948 3377 901 3372 901 3475 897 3502 3778 3544 3788 3516 3778 3442 3704 3437 3690 3442"/></Shape>
	    <String CONTENT="les reduire à vne mediocrité raiſonnable, apres les auoir eſmeuës &amp; ſou¬"
                    HPOS="897"
                    VPOS="3372"
                    WIDTH="2891"
                    HEIGHT="172"></String>
          </TextLine>
          <TextLine ID="tl_33"
                    TAGREFS="LT208"
                    BASELINE="896 3576 1099 3578 1249 3581 1359 3584 1441 3581 1749 3584 1965 3587 2217 3591 2634 3605 2802 3610 3094 3625 3692 3635 3787 3637" 
                    HPOS="887"
                    VPOS="3470"
                    WIDTH="2896"
                    HEIGHT="200">
            <Shape><Polygon POINTS="3681 3526 3634 3526 3588 3530 3495 3530 3448 3526 3170 3526 3123 3521 3077 3521 2937 3512 2426 3512 2379 3507 2286 3507 2240 3502 2008 3498 1961 3493 1822 3493 1775 3489 1357 3489 1310 3484 1031 3484 985 3479 938 3479 934 3470 892 3470 892 3572 887 3609 1808 3609 2049 3637 2100 3637 2282 3619 2351 3642 2700 3628 2714 3646 2719 3646 2719 3651 2751 3651 2905 3633 3774 3670 3783 3633 3783 3526 3695 3521 3681 3526"/></Shape>
	    <String CONTENT="leuées, &amp; il a appellé ceſte façon d’appaiſer nos Ames, l&#x27;expiation, ou ſi"
                    HPOS="887"
                    VPOS="3470"
                    WIDTH="2896"
                    HEIGHT="200"></String>
          </TextLine>
          <TextLine ID="tl_34"
                    TAGREFS="LT208"
                    BASELINE="901 3678 1089 3675 1456 3682 1710 3686 1756 3697 1870 3689 2270 3694 2426 3698 2678 3706 2833 3709 3006 3713 3367 3723" 
                    HPOS="892"
                    VPOS="3577"
                    WIDTH="2473"
                    HEIGHT="172">
            <Shape><Polygon POINTS="3355 3628 3309 3628 3263 3628 3216 3628 3170 3628 3123 3628 3077 3623 3035 3623 2998 3619 2946 3619 2942 3619 2895 3619 2877 3614 1306 3581 1268 3581 1222 3581 1175 3581 1129 3581 1083 3577 1036 3577 990 3577 943 3577 897 3577 897 3674 892 3698 3355 3749 3365 3721 3360 3628 3355 3628"/></Shape>
	    <String CONTENT="nous l’aimons mieux , la purgation des paſſions &amp; des troubles."
                    HPOS="892"
                    VPOS="3577"
                    WIDTH="2473"
                    HEIGHT="172"></String>
          </TextLine>
          <TextLine ID="tl_35"
                    TAGREFS="LT208"
                    BASELINE="989 3781 1394 3782 1538 3786 1608 3815 1868 3789 2077 3792 2380 3797 2607 3806" 
                    HPOS="980"
                    VPOS="3679"
                    WIDTH="1622"
                    HEIGHT="149">
            <Shape><Polygon POINTS="2556 3702 2510 3698 2463 3698 2417 3698 2370 3698 2324 3698 2277 3698 2249 3693 1822 3698 1789 3693 1766 3693 1719 3688 1673 3684 1626 3684 1580 3684 1538 3684 1413 3698 1385 3679 1357 3679 1315 3679 1185 3693 1064 3679 1031 3679 985 3679 985 3777 980 3804 2593 3828 2602 3804 2593 3702 2556 3702"/></Shape>
	    <String CONTENT="C’eſtoit de ces paſſions qu’il iugeoit ainſi."
                    HPOS="980"
                    VPOS="3679"
                    WIDTH="1622"
                    HEIGHT="149"></String>
          </TextLine>
          <TextLine ID="tl_36"
                    TAGREFS="LT208"
                    BASELINE="1001 3880 1064 3879 1180 3880 1312 3883 1620 3888 1770 3891 1878 3891 2196 3897 2354 3898 2619 3920 2816 3915 2886 3914 2990 3919 3115 3922 3773 3925" 
                    HPOS="994"
                    VPOS="3781"
                    WIDTH="2775"
                    HEIGHT="172">
            <Shape><Polygon POINTS="2533 3804 2486 3800 2440 3800 2393 3800 2347 3795 2179 3809 2138 3795 2114 3795 2068 3791 2021 3791 1975 3791 1928 3791 1882 3791 1836 3791 1789 3795 1743 3800 1696 3804 1650 3809 1603 3814 1557 3795 1417 3800 1134 3781 1092 3781 1045 3781 999 3781 999 3879 994 3907 3760 3953 3769 3921 3769 3828 3365 3828 3355 3818 3328 3795 3323 3795 3318 3795 3314 3795 3077 3814 2960 3818 2919 3809 2853 3791 2849 3791 2844 3791 2709 3804 2612 3814 2575 3804 2533 3804"/></Shape>
	    <String CONTENT="Il ne les mettoit pas au nombre des vices, mais il ne les ſouffroit pas auſ¬"
                    HPOS="994"
                    VPOS="3781"
                    WIDTH="2775"
                    HEIGHT="172"></String>
          </TextLine>
          <TextLine ID="tl_37"
                    TAGREFS="LT208"
                    BASELINE="912 3983 964 3983 1236 4009 1368 3988 1624 3988 1668 3997 1753 3991 1950 3993 2129 3997 2303 3999 2423 4004 2775 4014 2942 4020 3141 4022 3273 4023 3557 4034 3781 4023" 
                    HPOS="906"
                    VPOS="3879"
                    WIDTH="2872"
                    HEIGHT="176">
            <Shape><Polygon POINTS="2626 3916 2579 3916 2551 3911 911 3879 911 3981 906 4004 3769 4055 3778 4018 3769 3939 2668 3916 2626 3916"/></Shape>
	    <String CONTENT="ſi parmy les vertus; ſi bien que ſans les deffendre, &amp; ſans les bannir d’en¬"
                    HPOS="906"
                    VPOS="3879"
                    WIDTH="2872"
                    HEIGHT="176"></String>
          </TextLine>
          <TextLine ID="tl_38"
                    TAGREFS="LT208"
                    BASELINE="906 4082 1011 4082 1129 4082 1498 4103 1564 4090 2001 4096 2159 4098 2277 4101 2513 4110 2623 4112 2867 4116 3019 4121 3339 4127 3469 4134 3583 4134 3778 4125" 
                    HPOS="897"
                    VPOS="3972"
                    WIDTH="2877"
                    HEIGHT="199">
            <Shape><Polygon POINTS="3546 4032 3500 4032 3453 4027 3374 4037 3346 4023 3016 4023 2881 4027 2756 4014 2663 4014 2616 4009 2570 4009 2547 4004 2435 4018 2379 4000 2207 4000 1998 4009 1984 3995 1849 3995 1770 4004 1752 3995 1677 3995 1664 4000 1366 3990 1227 4004 1180 4004 994 3986 948 3986 943 3972 901 3972 901 4079 897 4106 3765 4171 3774 4120 3765 4023 3602 4041 3579 4032 3546 4032"/></Shape>
	    <String CONTENT="tre les hommes, il ſouhaittoit que les Sages en fiſſent vne habitude, &amp; ſe con¬"
                    HPOS="897"
                    VPOS="3972"
                    WIDTH="2877"
                    HEIGHT="199"></String>
          </TextLine>
          <TextLine ID="tl_39"
                    TAGREFS="LT208"
                    BASELINE="912 4186 1281 4186 1487 4191 1917 4194 1964 4207 2277 4205 2353 4204 2557 4213 2795 4216 2858 4232 2969 4222 3101 4223 3297 4228 3546 4236 3664 4240 3778 4243" 
                    HPOS="906"
                    VPOS="4083"
                    WIDTH="2868"
                    HEIGHT="181">
            <Shape><Polygon POINTS="3555 4134 3369 4130 3337 4125 3044 4125 2998 4120 2951 4120 2942 4116 2626 4116 2602 4111 1547 4092 1515 4102 1422 4102 1329 4092 1282 4092 1250 4088 911 4083 911 4185 906 4209 1031 4237 1282 4213 2012 4218 2045 4232 2119 4255 2286 4237 2351 4227 2370 4237 2393 4255 2412 4255 2491 4232 2496 4241 2519 4260 2528 4260 2533 4264 3769 4264 3774 4241 3769 4134 3583 4130 3555 4134"/></Shape>
	    <String CONTENT="ſeillaſſent auec leur raiſon, iuſques à quel point, &amp; en quel temps ils les"
                    HPOS="906"
                    VPOS="4083"
                    WIDTH="2868"
                    HEIGHT="181"></String>
          </TextLine>
          <TextLine ID="tl_40"
                    TAGREFS="LT208"
                    BASELINE="908 4289 1251 4285 1533 4292 1673 4297 1817 4298 2174 4306" 
                    HPOS="901"
                    VPOS="4185"
                    WIDTH="1269"
                    HEIGHT="140">
            <Shape><Polygon POINTS="2161 4209 2114 4209 2068 4209 2021 4209 1975 4209 1956 4204 1533 4195 1510 4195 1501 4190 1320 4190 1278 4190 1231 4190 1185 4190 1138 4190 1092 4190 1045 4190 999 4190 952 4190 906 4185 906 4288 901 4302 2161 4325 2170 4302 2166 4209 2161 4209"/></Shape>
	    <String CONTENT="deuoient admettre &amp; les receuoir."
                    HPOS="901"
                    VPOS="4185"
                    WIDTH="1269"
                    HEIGHT="140"></String>
          </TextLine>
          <TextLine ID="tl_41"
                    TAGREFS="LT208"
                    BASELINE="1021 4392 1230 4389 1650 4396 2028 4401 2316 4414 2689 4418 2840 4425 3113 4444 3232 4430 3775 4429" 
                    HPOS="1013"
                    VPOS="4292"
                    WIDTH="2761"
                    HEIGHT="154">
            <Shape><Polygon POINTS="1017 4390 1013 4408 3765 4446 3774 4427 3769 4329 1017 4292 1017 4390"/></Shape>
	    <String CONTENT="Ceſte excellente habitude deuoit naiſtre ſon aduis, de la repreſenta¬"
                    HPOS="1013"
                    VPOS="4292"
                    WIDTH="2761"
                    HEIGHT="154"></String>
          </TextLine>
          <TextLine ID="tl_42"
                    TAGREFS="LT208"
                    BASELINE="907 4488 1064 4489 1208 4490 1610 4497 1756 4501 2068 4506 2144 4510 2374 4517 2760 4524 2888 4529 3095 4545 3265 4531 3395 4564 3586 4539 3775 4525" 
                    HPOS="901"
                    VPOS="4390"
                    WIDTH="2873"
                    HEIGHT="176">
            <Shape><Polygon POINTS="3225 4432 3179 4436 3132 4441 3086 4441 3081 4441 3039 4441 2802 4441 2640 4422 2593 4418 2579 4418 2533 4418 2486 4418 2440 4418 2393 4418 2375 4418 2286 4432 2249 4413 2245 4408 2207 4408 2161 4408 2114 4404 2110 4404 2017 4408 1849 4418 1803 4404 1784 4399 1743 4399 1729 4399 1705 4404 1617 4422 1594 4399 1589 4399 1589 4394 1585 4394 1580 4394 1557 4394 1510 4394 1464 4394 1454 4390 906 4390 906 4487 901 4525 3765 4566 3774 4520 3765 4446 3276 4446 3230 4432 3225 4432"/></Shape>
	    <String CONTENT="tion des Tragedies; &amp; comme à force d’exercer vn Art, l’on s’y rend par¬"
                    HPOS="901"
                    VPOS="4390"
                    WIDTH="2873"
                    HEIGHT="176"></String>
          </TextLine>
          <TextLine ID="tl_43"
                    TAGREFS="LT208"
                    BASELINE="905 4592 1036 4590 1106 4590 1206 4590 1322 4593 1369 4608 1494 4597 1618 4598 1934 4603 2277 4615 2433 4618 2874 4630 3015 4632 3356 4651 3777 4641" 
                    HPOS="897"
                    VPOS="4497"
                    WIDTH="2877"
                    HEIGHT="172">
            <Shape><Polygon POINTS="3593 4538 3546 4543 3500 4552 3453 4557 3407 4562 3360 4557 3314 4543 3267 4534 3221 4534 3174 4538 3128 4543 3081 4543 3035 4538 2988 4538 2942 4534 2895 4529 2853 4525 2807 4525 2802 4525 2756 4525 2747 4520 2486 4520 2477 4520 2430 4520 2384 4520 2365 4515 901 4497 901 4590 897 4613 3765 4669 3774 4636 3765 4538 3611 4534 3593 4538"/></Shape>
	    <String CONTENT="fait à la fin, de meſme l’on acquiert vne mediocrité des paſſions, lorsqu’on"
                    HPOS="897"
                    VPOS="4497"
                    WIDTH="2877"
                    HEIGHT="172"></String>
          </TextLine>
          <TextLine ID="tl_44"
                    TAGREFS="LT208"
                    BASELINE="910 4692 1411 4697 1470 4698 1649 4702 1973 4708 2111 4713 2371 4721 2535 4725 2665 4728 2991 4735 3185 4735 3343 4741 3626 4738" 
                    HPOS="901"
                    VPOS="4590"
                    WIDTH="2724"
                    HEIGHT="181">
            <Shape><Polygon POINTS="3555 4645 3509 4645 3462 4650 3276 4650 3267 4645 2867 4645 2840 4627 2774 4627 2747 4636 2626 4622 2454 4622 2310 4631 2249 4613 2161 4613 2152 4608 2152 4613 2068 4627 2012 4604 1984 4604 1975 4608 1961 4622 1873 4599 1738 4617 1719 4599 1645 4599 1487 4617 1468 4599 1417 4604 1371 4604 1296 4590 1008 4604 948 4590 906 4590 906 4687 901 4715 3616 4771 3625 4734 3620 4655 3593 4645 3555 4645"/></Shape>
	    <String CONTENT="s’accouſtume à voir ſouuent les obiets qui les excitent dans nos eſprits."
                    HPOS="901"
                    VPOS="4590"
                    WIDTH="2724"
                    HEIGHT="181"></String>
          </TextLine>
          <TextLine ID="tl_45"
                    TAGREFS="LT208"
                    BASELINE="986 4797 1119 4796 1341 4801 1853 4811 2191 4817 2317 4824 2511 4828 2999 4837 3328 4861 3515 4843 3769 4841" 
                    HPOS="980"
                    VPOS="4692"
                    WIDTH="2785"
                    HEIGHT="279">
            <Shape><Polygon POINTS="3402 4738 3304 4738 3276 4748 2984 4743 2974 4734 2844 4734 2830 4729 2798 4738 2319 4729 2305 4720 2240 4720 2193 4715 2156 4715 2100 4724 2082 4710 2008 4710 1975 4706 1910 4720 1891 4706 1747 4706 1636 4715 1598 4701 1450 4701 1389 4696 1273 4706 1255 4696 1171 4696 1124 4692 985 4692 985 4794 980 4924 1217 4929 1334 4887 1529 4892 1589 4938 1640 4933 1719 4919 1970 4943 1984 4938 2012 4919 2026 4938 2031 4938 2031 4943 2091 4938 2184 4924 2347 4952 2361 4952 2407 4915 2691 4915 2807 4943 2853 4957 2867 4957 2914 4947 3021 4919 3290 4961 3300 4961 3323 4952 3365 4929 3472 4971 3760 4952 3765 4840 3760 4729 3425 4748 3402 4738"/></Shape>
	    <String CONTENT="Les bons Chirurgiens penſent les plus dangereuſes playes, ſans fremir"
                    HPOS="980"
                    VPOS="4692"
                    WIDTH="2785"
                    HEIGHT="279"></String>
          </TextLine>
        </TextBlock>
        <TextBlock HPOS="1882.0"
                   VPOS="204.0"
                   WIDTH="983.0"
                   HEIGHT="180.0"
                   ID="eSc_textblock_c2883fcd"
                   TAGREFS="BT328">
          <Shape><Polygon POINTS="1882 204 1882 384 2865 384 2865 204"/></Shape>
          <TextLine ID="eSc_line_8a046c28"
                    TAGREFS="LT208"
                    BASELINE="1913 338 2041 339 2141 338 2277 345 2429 344 2577 351 2729 359 2829 349" 
                    HPOS="1905"
                    VPOS="204"
                    WIDTH="921"
                    HEIGHT="172">
            <Shape><Polygon POINTS="2793 204 2747 204 2700 204 2654 204 2607 204 2561 204 2514 204 2468 204 2421 204 2375 204 2328 204 2282 204 2235 204 2189 204 2142 204 2096 204 2049 204 2003 204 1956 204 1910 204 1910 334 1905 376 2821 376 2826 348 2816 204 2793 204"/></Shape>
	    <String CONTENT="DICOVRS"
                    HPOS="1905"
                    VPOS="204"
                    WIDTH="921"
                    HEIGHT="172"></String>
          </TextLine>
        </TextBlock>
        <TextBlock HPOS="847.0"
                   VPOS="233.0"
                   WIDTH="143.0"
                   HEIGHT="129.0"
                   ID="eSc_textblock_1690e042"
                   TAGREFS="BT329">
          <Shape><Polygon POINTS="847 233 853 346 990 362 985 248"/></Shape>
          <TextLine ID="tl_1"
                    TAGREFS="LT208"
                    BASELINE="887 330 940 330 990 330" 
                    HPOS="883"
                    VPOS="236"
                    WIDTH="102"
                    HEIGHT="117">
            <Shape><Polygon POINTS="883 236 883 329 883 353 985 353 985 329 985 255 915 236 883 236"/></Shape>
	    <String CONTENT="2"
                    HPOS="883"
                    VPOS="236"
                    WIDTH="102"
                    HEIGHT="117"></String>
          </TextLine>
        </TextBlock>
      </PrintSpace>
    </Page>
  </Layout>
</alto>
