<?xml version="1.0" encoding="UTF-8"?>
<alto xmlns:xsi="http://www.w3.org/2001/XMLSchema-instance"
      xmlns="http://www.loc.gov/standards/alto/ns-v4#"
      xsi:schemaLocation="http://www.loc.gov/standards/alto/ns-v4# http://www.loc.gov/standards/alto/v4/alto-4-2.xsd">
  <Description>
    <MeasurementUnit>pixel</MeasurementUnit>
    <sourceImageInformation>
      <fileName>Scudery1639_Amour_btv1b8607044w_corrected_0052.png</fileName>
    </sourceImageInformation>
  </Description>
  <Tags>
    <OtherTag ID="BT7" LABEL="CustomZone" DESCRIPTION="block type CustomZone"/><OtherTag ID="BT8" LABEL="DamageZone" DESCRIPTION="block type DamageZone"/><OtherTag ID="BT9" LABEL="DigitizationArtefactZone" DESCRIPTION="block type DigitizationArtefactZone"/><OtherTag ID="BT10" LABEL="DropCapitalZone" DESCRIPTION="block type DropCapitalZone"/><OtherTag ID="BT11" LABEL="GraphicZone" DESCRIPTION="block type GraphicZone"/><OtherTag ID="BT12" LABEL="MainZone" DESCRIPTION="block type MainZone"/><OtherTag ID="BT13" LABEL="MarginTextZone" DESCRIPTION="block type MarginTextZone"/><OtherTag ID="BT14" LABEL="MusicZone" DESCRIPTION="block type MusicZone"/><OtherTag ID="BT15" LABEL="NumberingZone" DESCRIPTION="block type NumberingZone"/><OtherTag ID="BT17" LABEL="QuireMarksZone" DESCRIPTION="block type QuireMarksZone"/><OtherTag ID="BT18" LABEL="RunningTitleZone" DESCRIPTION="block type RunningTitleZone"/><OtherTag ID="BT19" LABEL="SealZone" DESCRIPTION="block type SealZone"/><OtherTag ID="BT20" LABEL="StampZone" DESCRIPTION="block type StampZone"/><OtherTag ID="BT21" LABEL="TableZone" DESCRIPTION="block type TableZone"/><OtherTag ID="BT22" LABEL="TitlePageZone" DESCRIPTION="block type TitlePageZone"/><OtherTag ID="BT322" LABEL="Title" DESCRIPTION="block type Title"/><OtherTag ID="BT323" LABEL="Stamp" DESCRIPTION="block type Stamp"/><OtherTag ID="BT324" LABEL="Decoration" DESCRIPTION="block type Decoration"/><OtherTag ID="BT325" LABEL="DropCapital" DESCRIPTION="block type DropCapital"/><OtherTag ID="BT326" LABEL="Main" DESCRIPTION="block type Main"/><OtherTag ID="BT327" LABEL="Signatures" DESCRIPTION="block type Signatures"/><OtherTag ID="BT328" LABEL="RunningTitle" DESCRIPTION="block type RunningTitle"/><OtherTag ID="BT329" LABEL="Numbering" DESCRIPTION="block type Numbering"/><OtherTag ID="BT330" LABEL="Damage" DESCRIPTION="block type Damage"/><OtherTag ID="BT331" LABEL="Margin" DESCRIPTION="block type Margin"/>
    <OtherTag ID="LT7" LABEL="CustomLine" DESCRIPTION="line type CustomLine"/><OtherTag ID="LT8" LABEL="DefaultLine" DESCRIPTION="line type DefaultLine"/><OtherTag ID="LT9" LABEL="DropCapitalLine" DESCRIPTION="line type DropCapitalLine"/><OtherTag ID="LT10" LABEL="HeadingLine" DESCRIPTION="line type HeadingLine"/><OtherTag ID="LT11" LABEL="InterlinearLine" DESCRIPTION="line type InterlinearLine"/><OtherTag ID="LT12" LABEL="MusicLine" DESCRIPTION="line type MusicLine"/><OtherTag ID="LT208" LABEL="Default" DESCRIPTION="line type Default"/><OtherTag ID="LT209" LABEL="Rubric" DESCRIPTION="line type Rubric"/>
  </Tags>
  <Layout>
    <Page WIDTH="4267"
          HEIGHT="5671"
          PHYSICAL_IMG_NR="18"
          ID="eSc_dummypage_">
      <PrintSpace HPOS="0"
                  VPOS="0"
                  WIDTH="4267"
                  HEIGHT="5671">
        <TextBlock HPOS="947.0"
                   VPOS="360.0"
                   WIDTH="180.0"
                   HEIGHT="167.0"
                   ID="eSc_textblock_3b991dcf"
                   TAGREFS="BT329">
          <Shape><Polygon POINTS="947 360 947 527 1127 527 1127 360"/></Shape>
          <TextLine ID="tl_1"
                    TAGREFS="LT208"
                    BASELINE="991 466 1097 464 1115 464" 
                    HPOS="988"
                    VPOS="363"
                    WIDTH="123"
                    HEIGHT="137">
            <Shape><Polygon POINTS="1083 363 1036 363 988 363 988 463 988 496 1106 500 1111 463 1111 363 1083 363"/></Shape>
	    <String CONTENT="10"
                    HPOS="988"
                    VPOS="363"
                    WIDTH="123"
                    HEIGHT="137"></String>
          </TextLine>
        </TextBlock>
        <TextBlock HPOS="1354.0"
                   VPOS="324.0"
                   WIDTH="2182.0"
                   HEIGHT="227.0"
                   ID="eSc_textblock_b942f2eb"
                   TAGREFS="BT328">
          <Shape><Polygon POINTS="1354 324 1354 551 3536 551 3536 324"/></Shape>
          <TextLine ID="eSc_line_34fc996b"
                    TAGREFS="LT208"
                    BASELINE="1390 461 2155 453 2555 445 3481 480" 
                    HPOS="1381"
                    VPOS="326"
                    WIDTH="2095"
                    HEIGHT="189">
            <Shape><Polygon POINTS="3420 326 1386 326 1386 458 1381 491 1996 496 2057 467 2275 500 2284 500 2374 472 2578 500 2767 477 3297 515 3297 510 3325 486 3467 486 3476 477 3476 330 3467 326 3420 326"/></Shape>
	    <String CONTENT="L’AMOVR TIRANNIQVE,"
                    HPOS="1381"
                    VPOS="326"
                    WIDTH="2095"
                    HEIGHT="189"></String>
          </TextLine>
        </TextBlock>
        <TextBlock HPOS="875.0"
                   VPOS="563.0"
                   WIDTH="3020.0"
                   HEIGHT="4711.0"
                   ID="eSc_textblock_46356bfa"
                   TAGREFS="BT326">
          <Shape><Polygon POINTS="875 563 875 5274 3895 5274 3895 563"/></Shape>
          <TextLine ID="tl_2"
                    TAGREFS="LT208"
                    BASELINE="1750 728 2961 721" 
                    HPOS="1740"
                    VPOS="571"
                    WIDTH="1216"
                    HEIGHT="204">
            <Shape><Polygon POINTS="1745 727 1745 775 1915 746 2199 775 2218 775 2223 775 2232 775 2379 741 2691 770 2696 770 2828 741 2942 770 2956 718 2942 571 1740 571 1745 727"/></Shape>
	    <String CONTENT="PHARNABASE."
                    HPOS="1740"
                    VPOS="571"
                    WIDTH="1216"
                    HEIGHT="204"></String>
          </TextLine>
          <TextLine ID="tl_3"
                    TAGREFS="LT208"
                    BASELINE="963 982 1318 969 1470 986 1658 969 1942 968 2398 959 2544 957 2698 954 2996 952 3538 960 3618 955" 
                    HPOS="955"
                    VPOS="808"
                    WIDTH="2659"
                    HEIGHT="208">
            <Shape><Polygon POINTS="960 978 960 1006 1300 987 1348 1016 1641 987 1703 1011 1726 1011 1726 1006 1750 987 2076 1011 2152 1011 2256 982 2332 1006 2341 1006 2502 978 3013 978 3098 1001 3108 1001 3273 973 3604 1001 3614 954 3599 812 3136 836 3070 808 3055 808 3013 817 2951 836 2833 808 2819 808 2705 836 2663 827 2606 808 2592 808 2459 841 2403 827 2322 812 2308 812 2270 841 2090 812 1797 836 1693 850 1281 850 1277 845 1192 817 1173 817 1140 845 974 817 960 817 960 822 955 822 960 978"/></Shape>
	    <String CONTENT="Seigneur, qui vous inſtruit en de telles maximes?"
                    HPOS="955"
                    VPOS="808"
                    WIDTH="2659"
                    HEIGHT="208"></String>
          </TextLine>
          <TextLine ID="tl_4"
                    TAGREFS="LT208"
                    BASELINE="976 1140 1669 1135 1975 1129 2321 1126 2445 1125 2579 1171 3159 1118 3353 1121 3777 1121" 
                    HPOS="969"
                    VPOS="959"
                    WIDTH="2806"
                    HEIGHT="255">
            <Shape><Polygon POINTS="974 1138 974 1186 1177 1214 1381 1209 1381 1205 1386 1205 1409 1172 1617 1172 1632 1176 1660 1195 1684 1195 1684 1190 1703 1176 1707 1167 1939 1167 1996 1195 2010 1195 2095 1162 2199 1190 2213 1190 2308 1157 2403 1162 2616 1181 2923 1172 2923 1167 2937 1153 2947 1148 3160 1167 3202 1143 3775 1143 3775 1120 3765 964 3311 992 3259 959 3235 959 3188 1001 3103 1001 3013 978 2942 964 2899 978 2824 1011 2729 1011 2705 982 2691 973 2691 968 2677 968 2502 1001 2426 973 2412 973 2370 987 2313 1016 1996 1025 1859 1025 1816 987 1797 987 1712 1030 1475 997 969 1016 974 1138"/></Shape>
	    <String CONTENT="CroyeZ vous donc qu&#x27;un Roy doiue faire des crimes?"
                    HPOS="969"
                    VPOS="959"
                    WIDTH="2806"
                    HEIGHT="255"></String>
          </TextLine>
          <TextLine ID="tl_5"
                    TAGREFS="LT208"
                    BASELINE="985 1310 1141 1306 1325 1301 1411 1298 1620 1345 1847 1300 2247 1292 2417 1291 2791 1285 2890 1331 2949 1283 3076 1332 3220 1309" 
                    HPOS="979"
                    VPOS="1138"
                    WIDTH="2237"
                    HEIGHT="227">
            <Shape><Polygon POINTS="2720 1157 2625 1167 2606 1176 2317 1143 2317 1148 2289 1172 2280 1176 1679 1148 1608 1181 1499 1153 1381 1153 1381 1157 1357 1176 1348 1190 1140 1190 1125 1176 1088 1153 1069 1153 979 1176 983 1365 1220 1365 1220 1361 1229 1361 1229 1356 1263 1327 1466 1327 1494 1356 1499 1356 1499 1361 1513 1361 1769 1327 1816 1351 1830 1356 1840 1356 1986 1323 2161 1342 2185 1342 2213 1318 2748 1318 2781 1346 3212 1323 3216 1304 3202 1167 2999 1138 2800 1172 2748 1153 2720 1157"/></Shape>
	    <String CONTENT="Et qu&#x27;il luy ſoit permis de violer ſa foy,"
                    HPOS="979"
                    VPOS="1138"
                    WIDTH="2237"
                    HEIGHT="227"></String>
          </TextLine>
          <TextLine ID="tl_6"
                    TAGREFS="LT208"
                    BASELINE="980 1474 1392 1470 1562 1466 1830 1468 2070 1463 2322 1460 2516 1481 2590 1455 2900 1451 3068 1452 3180 1450 3324 1499 3474 1452 3680 1455" 
                    HPOS="974"
                    VPOS="1313"
                    WIDTH="2701"
                    HEIGHT="218">
            <Shape><Polygon POINTS="3145 1318 3117 1323 3084 1346 2909 1313 2895 1313 2701 1346 2587 1313 2573 1313 2483 1351 2237 1351 2180 1313 2161 1313 2133 1318 2038 1346 1963 1313 1949 1313 1882 1351 1660 1351 1646 1337 1636 1342 1589 1337 1556 1327 1509 1346 974 1327 979 1498 1315 1521 1324 1521 1386 1498 1409 1498 1589 1526 1650 1493 1655 1498 1712 1526 1717 1526 1721 1531 1863 1531 1863 1526 1873 1526 1873 1521 1906 1493 2431 1493 2455 1516 2677 1493 2701 1493 2762 1526 2767 1526 2772 1531 2989 1531 2989 1526 3131 1498 3164 1526 3174 1526 3178 1531 3377 1531 3377 1526 3382 1526 3448 1493 3543 1526 3557 1526 3675 1488 3675 1450 3661 1313 3581 1346 3462 1313 3169 1313 3145 1318"/></Shape>
	    <String CONTENT="Comme n&#x27;eſtant plus homme, à cauſe qu&#x27;il eſt Roy ?"
                    HPOS="974"
                    VPOS="1313"
                    WIDTH="2701"
                    HEIGHT="218"></String>
          </TextLine>
          <TextLine ID="tl_7"
                    TAGREFS="LT208"
                    BASELINE="1937 1729 2834 1725" 
                    HPOS="1934"
                    VPOS="1540"
                    WIDTH="899"
                    HEIGHT="251">
            <Shape><Polygon POINTS="1934 1748 2043 1786 2048 1786 2053 1786 2213 1758 2247 1753 2455 1753 2469 1762 2488 1781 2488 1786 2493 1786 2497 1786 2502 1791 2620 1791 2620 1786 2625 1786 2630 1786 2653 1767 2682 1753 2828 1772 2833 1724 2833 1573 2720 1545 2715 1545 2526 1559 2417 1568 2341 1554 2275 1540 2270 1540 2265 1540 2261 1540 2261 1545 2251 1550 2232 1573 2147 1573 2100 1545 2095 1540 2090 1540 2086 1540 2081 1540 2076 1540 2067 1545 2010 1564 1939 1540 1934 1724 1934 1748"/></Shape>
	    <String CONTENT="TIRIDATE."
                    HPOS="1934"
                    VPOS="1540"
                    WIDTH="899"
                    HEIGHT="251"></String>
          </TextLine>
          <TextLine ID="tl_8"
                    TAGREFS="LT208"
                    BASELINE="998 1980 1287 1977 1511 1976 2017 1973 2215 1970 2509 2015 2679 1964 3189 1960 3613 1975" 
                    HPOS="988"
                    VPOS="1809"
                    WIDTH="2621"
                    HEIGHT="218">
            <Shape><Polygon POINTS="993 1975 988 1994 1419 2017 1428 2017 1485 1994 1509 1989 1660 2017 1669 2017 1731 1994 1764 1994 1906 2022 2034 1994 2053 1994 2086 2022 2100 2022 2237 1999 2554 2022 2606 1994 2611 1994 2672 2027 2686 2027 2757 1999 2838 2027 3051 1999 3254 1999 3287 2027 3306 2027 3382 1999 3604 1999 3609 1970 3609 1814 3197 1814 3169 1838 2890 1814 2847 1814 2705 1857 2653 1809 2497 1809 2478 1814 2393 1857 2043 1857 1906 1809 1892 1809 1811 1852 993 1824 993 1975"/></Shape>
	    <String CONTENT="Ceux qui tiennent vn rang de puiſſance infinie,"
                    HPOS="988"
                    VPOS="1809"
                    WIDTH="2621"
                    HEIGHT="218"></String>
          </TextLine>
          <TextLine ID="tl_9"
                    TAGREFS="LT208"
                    BASELINE="991 2148 1250 2143 1740 2139 2324 2132 2556 2131 2746 2132 3496 2144" 
                    HPOS="983"
                    VPOS="1989"
                    WIDTH="2512"
                    HEIGHT="175">
            <Shape><Polygon POINTS="2450 2008 2407 1999 2209 2022 2171 1994 2152 1994 2038 2022 2005 1994 2005 1989 1811 1989 1721 2022 1632 1989 1617 1989 1523 2022 1457 1989 1442 1989 1362 2022 1267 1989 1248 1989 1196 2022 1040 1994 988 2017 988 2145 983 2164 3491 2150 3495 2140 3491 2027 3117 1989 3108 1989 3037 2022 2748 2022 2649 1994 2634 1994 2526 2022 2483 2008 2450 2008"/></Shape>
	    <String CONTENT="Sont inſtruits ſeulement par vn diuin Genie,"
                    HPOS="983"
                    VPOS="1989"
                    WIDTH="2512"
                    HEIGHT="175"></String>
          </TextLine>
          <TextLine ID="tl_10"
                    TAGREFS="LT208"
                    BASELINE="1000 2344 1226 2305 1466 2306 1952 2300 2276 2296 2452 2293 2752 2292 3044 2290 3682 2305" 
                    HPOS="993"
                    VPOS="2145"
                    WIDTH="2687"
                    HEIGHT="208">
            <Shape><Polygon POINTS="998 2339 998 2353 1471 2325 1660 2353 1698 2353 1934 2320 2001 2348 2015 2348 2100 2325 2261 2348 2261 2344 2294 2315 2606 2315 2658 2339 2668 2339 3055 2310 3372 2310 3420 2344 3439 2344 3557 2310 3670 2344 3680 2301 3675 2178 3472 2150 3335 2173 3316 2173 3216 2145 3207 2145 3074 2173 3037 2178 2999 2173 2895 2150 2814 2169 2772 2183 2322 2183 2308 2164 2299 2159 2299 2154 2275 2154 2247 2173 2053 2150 1949 2188 1788 2188 1750 2164 1740 2154 1721 2154 1655 2183 993 2159 998 2339"/></Shape>
	    <String CONTENT="Qui fait touſiours ceder au cœur d&#x27;un Potentat,"
                    HPOS="993"
                    VPOS="2145"
                    WIDTH="2687"
                    HEIGHT="208"></String>
          </TextLine>
          <TextLine ID="tl_11"
                    TAGREFS="LT208"
                    BASELINE="1005 2474 1295 2473 1667 2469 2275 2480 2383 2454 2531 2455 2903 2455 3403 2454" 
                    HPOS="998"
                    VPOS="2306"
                    WIDTH="2403"
                    HEIGHT="208">
            <Shape><Polygon POINTS="1002 2471 998 2499 1367 2490 1537 2514 1646 2490 1930 2514 2090 2485 2166 2509 2436 2514 2450 2514 2478 2490 2516 2490 2753 2514 2753 2509 2781 2485 3074 2485 3174 2514 3193 2514 3235 2485 3363 2509 3377 2509 3396 2485 3401 2452 3396 2339 2970 2306 2923 2344 2772 2306 2753 2306 2753 2310 2715 2344 2578 2325 2535 2348 2474 2306 2299 2306 2190 2344 2171 2348 2090 2325 1684 2348 1617 2348 1546 2315 1527 2315 1527 2320 1494 2348 1494 2353 1002 2353 1002 2471"/></Shape>
	    <String CONTENT="Cette raiſon commune, à la raiſon d&#x27;Eſtat."
                    HPOS="998"
                    VPOS="2306"
                    WIDTH="2403"
                    HEIGHT="208"></String>
          </TextLine>
          <TextLine ID="tl_12"
                    TAGREFS="LT208"
                    BASELINE="1826 2730 3014 2718" 
                    HPOS="1816"
                    VPOS="2547"
                    WIDTH="1197"
                    HEIGHT="217">
            <Shape><Polygon POINTS="1821 2726 1821 2764 3008 2764 3013 2717 2999 2566 2634 2575 2573 2561 2521 2547 2516 2547 2511 2547 2440 2561 2332 2580 2242 2556 2218 2551 2213 2551 2209 2551 2204 2551 2190 2556 2138 2580 2048 2556 2029 2551 2024 2551 2019 2551 2015 2551 2001 2556 1934 2580 1816 2556 1821 2726"/></Shape>
	    <String CONTENT="PHARNABASE."
                    HPOS="1816"
                    VPOS="2547"
                    WIDTH="1197"
                    HEIGHT="217"></String>
          </TextLine>
          <TextLine ID="tl_13"
                    TAGREFS="LT208"
                    BASELINE="1015 2976 1422 2976 1712 2967 2008 2961 2340 2960 2484 2955 2922 2951 3432 2956" 
                    HPOS="1007"
                    VPOS="2802"
                    WIDTH="2422"
                    HEIGHT="194">
            <Shape><Polygon POINTS="1012 2972 1012 2996 3424 2986 3429 2953 3415 2802 3297 2830 3240 2802 3207 2802 3022 2830 2994 2811 2970 2811 2937 2835 2710 2811 2696 2811 2668 2835 2630 2811 2630 2807 2587 2811 2469 2830 2440 2807 2185 2807 2185 2811 2157 2835 2010 2816 1977 2816 1977 2821 1953 2840 1854 2816 1797 2811 1759 2844 1499 2844 1442 2821 1404 2811 1390 2811 1305 2840 1007 2830 1012 2972"/></Shape>
	    <String CONTENT="Croyez, vous donc auoir la fortune proſpere,"
                    HPOS="1007"
                    VPOS="2802"
                    WIDTH="2422"
                    HEIGHT="194"></String>
          </TextLine>
          <TextLine ID="tl_14"
                    TAGREFS="LT208"
                    BASELINE="1016 3172 1432 3136 1724 3133 2546 3123 2730 3118 3208 3113 3814 3095" 
                    HPOS="1007"
                    VPOS="2934"
                    WIDTH="2805"
                    HEIGHT="260">
            <Shape><Polygon POINTS="3273 2953 3216 2953 3060 3000 2412 3010 2322 2967 2015 2982 1986 2996 1934 3015 1755 2982 1551 3029 1447 2991 1324 2996 1277 3033 1125 3000 1007 3024 1012 3194 1263 3194 1296 3166 1371 3194 1390 3194 1390 3189 1395 3189 1423 3156 1991 3147 2034 3175 2057 3175 2057 3171 2062 3171 2086 3147 2213 3166 2275 3171 2535 3133 2658 3161 2677 3161 2729 3128 2824 3156 2838 3156 2862 3147 2885 3133 3046 3152 3202 3119 3812 3114 3812 3090 3793 2934 3618 2986 3316 2986 3278 2953 3273 2953"/></Shape>
	    <String CONTENT="Quand vous aureZ deſtruit vn innocent beau-pere?"
                    HPOS="1007"
                    VPOS="2934"
                    WIDTH="2805"
                    HEIGHT="260"></String>
          </TextLine>
          <TextLine ID="tl_15"
                    TAGREFS="LT208"
                    BASELINE="1027 3310 1441 3312 1731 3301 1999 3298 2477 3289 2671 3284 2893 3283 3017 3319 3437 3268 3717 3261" 
                    HPOS="1021"
                    VPOS="3119"
                    WIDTH="2692"
                    HEIGHT="259">
            <Shape><Polygon POINTS="1026 3308 1026 3355 1248 3378 1338 3341 1371 3345 1452 3364 1466 3364 1499 3331 1906 3326 2072 3355 2147 3312 2303 3312 2379 3345 2398 3345 2445 3308 2724 3336 3708 3279 3713 3260 3699 3119 3330 3152 2951 3128 2866 3166 2653 3152 2407 3180 2303 3147 2284 3147 2242 3185 2105 3189 2076 3166 2062 3166 1655 3189 1565 3171 1551 3171 1442 3208 1338 3175 1319 3175 1220 3199 1021 3185 1026 3308"/></Shape>
	    <String CONTENT="Croyez vous bien franchir vn pas ſi dangereux?"
                    HPOS="1021"
                    VPOS="3119"
                    WIDTH="2692"
                    HEIGHT="259"></String>
          </TextLine>
          <TextLine ID="tl_16"
                    TAGREFS="LT208"
                    BASELINE="1024 3480 1186 3475 1604 3467 2004 3459 2290 3456 2450 3471 2654 3448 2862 3443 3264 3445 3544 3430 3818 3425" 
                    HPOS="1017"
                    VPOS="3279"
                    WIDTH="2800"
                    HEIGHT="255">
            <Shape><Polygon POINTS="3093 3308 3046 3317 2999 3317 2914 3293 2422 3341 2270 3308 2029 3345 1958 3312 1944 3312 1797 3350 1546 3336 1475 3360 1017 3331 1021 3511 1253 3534 1490 3497 1537 3525 1561 3525 1561 3520 1589 3492 1731 3487 1769 3506 1807 3520 1811 3525 1949 3525 1949 3520 2256 3478 2370 3501 2412 3506 2422 3506 2511 3473 2597 3506 2653 3497 2739 3478 2843 3497 2899 3501 3633 3449 3812 3482 3817 3421 3803 3279 3571 3317 3387 3284 3353 3284 3268 3322 3098 3303 3093 3308"/></Shape>
	    <String CONTENT="Et qu&#x27;vne iniuſte guerre, ait vn ſuccez heureux?"
                    HPOS="1017"
                    VPOS="3279"
                    WIDTH="2800"
                    HEIGHT="255"></String>
          </TextLine>
          <TextLine ID="tl_17"
                    TAGREFS="LT208"
                    BASELINE="1975 3723 2869 3711" 
                    HPOS="1967"
                    VPOS="3525"
                    WIDTH="899"
                    HEIGHT="217">
            <Shape><Polygon POINTS="1972 3719 1972 3738 2862 3742 2866 3709 2857 3572 2412 3525 2407 3525 2403 3525 2398 3525 2322 3572 2062 3549 2057 3549 2053 3549 1967 3577 1972 3719"/></Shape>
	    <String CONTENT="TIRIDATE."
                    HPOS="1967"
                    VPOS="3525"
                    WIDTH="899"
                    HEIGHT="217"></String>
          </TextLine>
          <TextLine ID="tl_18"
                    TAGREFS="LT208"
                    BASELINE="1038 3984 1235 3981 1603 3984 1907 3970 2125 3965 2341 3960 2459 3973 2696 3952 3178 3944 3351 3977 3658 3941" 
                    HPOS="1031"
                    VPOS="3757"
                    WIDTH="2625"
                    HEIGHT="283">
            <Shape><Polygon POINTS="1036 3983 1036 4012 1291 4007 1395 4040 1414 4040 1471 4007 1475 4002 1650 4031 1665 4031 1665 4026 1693 4002 1840 4021 1892 3988 2232 3983 2261 3988 2332 4012 2341 4012 2483 3983 2554 3974 2914 4002 3150 3960 3202 3993 3216 3993 3652 3960 3656 3936 3652 3799 3500 3757 3491 3757 3301 3771 3301 3775 3273 3804 3212 3775 3197 3775 3131 3799 2951 3771 2833 3823 2422 3827 2228 3790 2100 3837 1972 3794 1963 3794 1717 3851 1277 3856 1267 3851 1225 3813 1054 3818 1054 3823 1031 3842 1036 3983"/></Shape>
	    <String CONTENT="Ne iugez point des Rois, ame vulgaire &amp; baſſe;"
                    HPOS="1031"
                    VPOS="3757"
                    WIDTH="2625"
                    HEIGHT="283"></String>
          </TextLine>
          <TextLine ID="tl_19"
                    TAGREFS="LT208"
                    BASELINE="1043 4148 1239 4145 1421 4144 2159 4133 2449 4121 2703 4120 3061 4114 3331 4105 3391 4116" 
                    HPOS="1036"
                    VPOS="3974"
                    WIDTH="2351"
                    HEIGHT="217">
            <Shape><Polygon POINTS="1040 4144 1040 4168 1319 4191 1329 4191 1414 4154 1442 4182 1632 4187 1764 4154 1925 4182 2549 4135 2658 4168 2677 4168 2729 4135 2762 4154 2776 4158 2871 4154 3141 4125 3382 4144 3387 4111 3382 3998 3183 3974 3131 4002 2568 4007 2554 4002 2526 3974 2511 3974 2332 4002 2209 4016 1934 3983 1419 4026 1338 3993 1324 3993 1229 4031 1196 4002 1196 3998 1036 3998 1040 4144"/></Shape>
	    <String CONTENT="Ne les meſureZ pas auec vne autre race;"
                    HPOS="1036"
                    VPOS="3974"
                    WIDTH="2351"
                    HEIGHT="217"></String>
          </TextLine>
          <TextLine ID="tl_20"
                    TAGREFS="LT208"
                    BASELINE="1038 4314 1346 4309 1520 4312 1624 4357 2216 4314 2386 4292 2640 4288 2898 4331 3470 4286" 
                    HPOS="1026"
                    VPOS="4111"
                    WIDTH="2441"
                    HEIGHT="279">
            <Shape><Polygon POINTS="3136 4111 3089 4111 2980 4149 2942 4158 2734 4144 2554 4172 2493 4139 2478 4139 2379 4163 2332 4135 2317 4135 2053 4191 1717 4182 1665 4215 1490 4215 1452 4177 1452 4172 1026 4187 1036 4309 1036 4357 1490 4343 1504 4357 1542 4385 1542 4390 1556 4390 1821 4352 1859 4380 1878 4380 1958 4338 2223 4347 2237 4343 2284 4314 2379 4361 2464 4361 2464 4357 2474 4357 2497 4333 2526 4314 2587 4338 2606 4338 2606 4333 2611 4333 2634 4305 2805 4343 3467 4314 3467 4281 3453 4139 3216 4144 3150 4111 3136 4111"/></Shape>
	    <String CONTENT="Pour les y comparer, ils ſont trop differens,"
                    HPOS="1026"
                    VPOS="4111"
                    WIDTH="2441"
                    HEIGHT="279"></String>
          </TextLine>
          <TextLine ID="tl_21"
                    TAGREFS="LT208"
                    BASELINE="1056 4476 1261 4477 1565 4476 1799 4478 2015 4469 2413 4475 2601 4493 2747 4452 2923 4447 3233 4441 3403 4435 3673 4427 3831 4418" 
                    HPOS="1050"
                    VPOS="4291"
                    WIDTH="2777"
                    HEIGHT="236">
            <Shape><Polygon POINTS="2890 4328 2843 4324 2828 4319 2776 4338 2516 4314 2469 4343 2090 4319 1982 4328 1939 4347 1915 4328 1901 4333 1863 4333 1849 4352 1811 4338 1807 4343 1707 4347 1688 4361 1461 4361 1400 4328 1386 4324 1334 4328 1173 4361 1140 4333 1140 4328 1050 4328 1054 4503 1811 4498 1835 4517 1835 4522 1844 4522 1849 4527 2024 4527 2024 4522 2147 4489 2176 4484 2284 4513 2303 4513 2332 4489 2649 4513 2701 4475 3003 4508 3122 4475 3301 4489 3372 4465 3382 4465 3443 4498 3462 4498 3462 4494 3495 4465 3495 4461 3827 4456 3827 4413 3817 4328 3652 4291 3642 4291 3529 4328 3505 4328 3325 4295 3316 4295 3245 4328 3240 4333 2951 4338 2923 4328 2890 4328"/></Shape>
	    <String CONTENT="Les Rois ont des ſuiets, &amp; n&#x27;ont point de parens."
                    HPOS="1050"
                    VPOS="4291"
                    WIDTH="2777"
                    HEIGHT="236"></String>
          </TextLine>
          <TextLine ID="tl_22"
                    TAGREFS="LT208"
                    BASELINE="1846 4738 3058 4712" 
                    HPOS="1840"
                    VPOS="4550"
                    WIDTH="1215"
                    HEIGHT="213">
            <Shape><Polygon POINTS="1844 4763 3055 4749 3055 4711 3046 4565 2341 4550 2336 4550 2332 4550 2303 4560 2247 4579 2142 4560 2109 4555 2105 4555 2067 4560 1920 4584 1840 4560 1844 4735 1844 4763"/></Shape>
	    <String CONTENT="PHARNABASE."
                    HPOS="1840"
                    VPOS="4550"
                    WIDTH="1215"
                    HEIGHT="213"></String>
          </TextLine>
          <TextLine ID="tl_23"
                    TAGREFS="LT208"
                    BASELINE="1071 4994 1404 4984 1886 4976 2203 4973 2445 4965 2693 4960 3095 4944 3359 4941 3429 4936 3611 4953" 
                    HPOS="1064"
                    VPOS="4787"
                    WIDTH="2545"
                    HEIGHT="250">
            <Shape><Polygon POINTS="1069 4990 1078 5037 1121 5009 1173 5037 1192 5037 1272 5009 1352 5037 1707 5014 1821 5033 1835 5033 1844 5023 1882 4995 2034 5023 2090 5028 2194 4990 2284 5018 2322 5023 2336 5018 2393 4985 2800 5014 2838 4981 2904 4999 2914 4999 3178 4971 3387 4999 3448 5004 3533 4966 3599 4995 3609 4952 3604 4825 3443 4787 3429 4787 3377 4829 3169 4791 3008 4834 2956 4834 2677 4815 2587 4843 2573 4839 2507 4806 2488 4806 2488 4810 2459 4834 2384 4820 2313 4853 2176 4853 2128 4810 2109 4810 1996 4858 1778 4858 1769 4848 1736 4825 1736 4820 1584 4820 1390 4858 1324 4867 1286 4858 1244 4843 1225 4843 1206 4858 1196 4862 1187 4858 1168 4839 1154 4839 1064 4858 1069 4990"/></Shape>
	    <String CONTENT="Mais ſupoſons enfin que l&#x27;on prenne Amaſie,"
                    HPOS="1064"
                    VPOS="4787"
                    WIDTH="2545"
                    HEIGHT="250"></String>
          </TextLine>
          <TextLine ID="tl_24"
                    TAGREFS="LT208"
                    BASELINE="1076 5166 1348 5155 1990 5144 2196 5140 2472 5153 2556 5163 2650 5080 2752 5124 2968 5121 3166 5154 3234 5109 3548 5102 3706 5101 3856 5102" 
                    HPOS="1069"
                    VPOS="4947"
                    WIDTH="2786"
                    HEIGHT="265">
            <Shape><Polygon POINTS="2157 4976 2109 4976 2053 5018 1953 5018 1878 4976 1863 4976 1797 5009 1712 4981 1693 4981 1646 5023 1206 5023 1140 4990 1102 4990 1069 5009 1073 5188 1404 5207 1428 5184 1447 5174 1693 5174 1807 5212 1821 5212 1906 5174 2053 5212 2062 5212 2265 5170 2384 5207 2724 5203 2791 5170 2814 5155 3022 5198 3032 5198 3108 5174 3382 5193 3462 5146 3547 5155 3642 5170 3652 5170 3737 5141 3850 5151 3855 5099 3850 4952 3670 4947 3604 4985 3585 4966 3585 4962 3566 4962 3510 4985 3486 4962 3486 4957 3467 4957 3415 4976 3098 4952 2966 4957 2966 4962 2951 4971 2923 4999 2828 4962 2814 4962 2743 4990 2720 4971 2696 4971 2696 4976 2663 5004 2545 4981 2459 4971 2407 5014 2275 5014 2166 4971 2157 4976"/></Shape>
	    <String CONTENT="Vous verreZ ſur vos bras, &amp; l&#x27;vne &amp; l&#x27;autre Aſie;"
                    HPOS="1069"
                    VPOS="4947"
                    WIDTH="2786"
                    HEIGHT="265"></String>
          </TextLine>
        </TextBlock>
      </PrintSpace>
    </Page>
  </Layout>
</alto>
