4267 5517
1839 335 929 175 EPISTRE.

841 496 2773 189 re des lieux qui ſeruent d’Aſyles aux bonnes Lettres.

850 639 2777 197 Il y a des perſonnes de ſcience & d'integrité; Et des

850 781 2777 239 Iuges auſquels on peut appeller de la mauuaiſe opi¬

846 933 2772 253 nion du vulgaire, & de la perſecution des demi-ſça¬

841 1117 2786 220 uans. Comme ie travaille pour la ſeule gloire des let¬

846 1287 2786 188 tres, & que te ſouhaitterois que mes fautes deuinſſent

827 1425 2810 266 publiques, afin qu'elles peuſſent profiter; I'ay deu ſans

846 1609 2795 188 doute chercher ces excellens hommes qui ont conſerué

855 1774 2795 207 le bon ſens malgré la contagion, & leur envoyer mes

855 1921 2791 235 Remarques, afin qu'ils en prononçaſſent ſouueraine¬

850 2091 2805 203 ment l'Arreſt. Et d'autant qu'il n'y a point d'Aſſem¬

855 2238 2795 198 blée en l'Europe où le nombre de ces grands Genies ſe

859 2390 2801 230 rencontre plus aiſément que dans la voſtre, C'eſt auec

864 2537 2786 267 raiſon que ie vous demande la cenſure, ou l'approba¬

864 2721 2800 221 tion de cette Critique que ie vous dedie. Ce n'eſt pas

869 2864 2795 266 que ie mette en doute la perfection de l'ouurage de

873 3020 2791 267 Mr de Scudery, ny que ie craigne que voſtre ſenti¬

882 3213 2791 202 ment ne ſoit celuy de toute la Cour: mais ie pourrois

887 3365 2796 193 auoir mal travaillé ſur vn beau ſujet; & c'eſt dequoy

887 3526 2786 225 ie veux m'eſclaircir en vous la preſentant. Receuez-

892 3664 2786 239 la, s'il vous plaiſt, auec autant de candeur, que ie

896 3820 2791 271 vous l'offre; & laquelle ie ne profeſſe pas ſeulement

901 4018 2786 202 dans mes ouurages, mais encor dans mes amitieZ, &

905 4169 2350 230 dans toute l'inſitution de ma vie. le ſuis,

919 4505 1311 239 MESSIEVRS,

2404 4726 1283 184 Voſtre tres-humble, & tres-

2519 4887 892 147 obeïſſant ſeruiteur,

2418 4969 1283 230 SILLAC D’ARBOIS.
