4267 5704
937 256 1612 186 TRAGI-COMEDIE.

464 1154 2783 428 SCENE

894 1549 1874 314 CINQVIESME.

456 1891 2802 262 PHRAARTE, OROSMANE, DEVX

613 2110 2474 271 GARDES, TIGRANE, POLIXENE,

1279 2414 1075 219 PHRAARTE.

461 3046 2545 238 Pendant que ie feray ce que mon ordre porte.

1626 2685 276 423 A

1993 2871 1251 242 Duancés vers la porte,

485 3227 2197 209 O contrainte faſcheuſe ou ie ſuis obligé!

480 3393 2626 214 Ie te plains dans le cœur, pauure Prince affligé;

489 3545 2607 200 Mais ſi i'acheue en fin le deſſein que ie trame,

470 3721 2598 219 Phraarte en te ſauuant, ſe ſauuera de blaſme.

494 3878 2797 247 C'eſt le Roy mon Seigneur, qui me fait t'aduertir

489 4049 2512 224 De luy rendre la place, & d'en vouloir ſortir;

489 4211 2146 219 Car ſi tu ne le fais, conſulte, delibere;

494 4382 2588 223 I'ay le commandement de poignarder ton pere.

513 4710 2631 228 O Dieux! en quel eſtat me trouuay-ie en ce iour?

1398 4544 932 199 TIGRANE.

489 4881 2683 257 Que dois-ie deuenir? Nature, honneur, Amour,

3053 304 157 152 19

3344 2951 337 100 Il parle à

3306 2999 371 157 ſes Soldats.

3320 3441 366 128 Il dit ces 4

3325 3541 285 123 vers bas.

3320 4211 376 147 Il hauſſe le

3315 4311 333 171 poignard.

2701 5076 248 233 C ij
