4267 5717
1125 195 1487 233 TRAGI-COMEDIE.

3199 271 95 162 11

471 424 2713 190 Tous les Princes voiſins prenant part à l'affront;

491 576 2822 214 Contre tant d'ennemis, que peut vn Roy de Pont?

1415 828 897 191 TIRIDATE.

510 1052 2803 253 Mais que ne peut-il point? & que peuuent les autres?

514 1233 2522 234 Quels efforts ſuffiront à s'oppoſer aux noſtres?

533 1424 2127 200 El quel de mes voiſins oſera conceuoir

529 1572 2512 224 Le penſer ſeulement de choquer mon pouuoir?

529 1743 2279 234 Apres ce coup d'eſſay de ma force infinie,

524 1924 2360 191 Qu'on arme contre moy toute la Bithinie,

543 2086 2226 205 Et que le Frigien aide à mes ennemis,

553 2248 2479 181 Si ie veux tourner teſte, on les verra ſoumis.

548 2396 2803 238 Non, non, rien deſormais ne peut ternir ma gloire;

538 2572 2489 210 La victoire me ſuit, & tout ſuit la victoire:

548 2739 2708 210 Les ſujets d Oroſmane, & vaincus, & charmez,

553 2891 2321 277 Seruent contre celuy qui les auoit armeZ;

557 3058 2336 248 Du debris de ſon camp le mien ſe fortifie.

1330 3339 1220 210 PHARNABASE.

572 3554 2684 271 Le vaincu peut tromper le vainqueur qui s'y fie.

1516 3825 882 267 TIRIDATE.

572 4049 2312 272 Sur le moindre ſoupcon, vne iuſte rigueur

567 4230 2813 257 Perdra tous les vaincus pour ſauuer le vainqueur.

1344 4492 1220 224 PHARNABASE.

591 4730 2698 248 Vos gens auec douleur ſemblent porter les armes,

576 4911 2813 305 Quand ils verſent du ſang, ils reſpandẽt des larmes,

2765 5169 219 176 B ij
