4267 5663
821 344 89 137 2

1024 278 2388 179 L’AMOVR TIRANNIQVE,

807 467 2737 231 AſſeZ trop long-temps, ma pauure ame abatuë,

830 604 2511 221 A ſouffert les rigueurs de l'ennuy qui la tuë:

830 764 2620 255 Aſſez, & trop long-temps, vn infidelle eſpoux

835 934 2502 231 A meſpriſé ces pleurs qui s’adreſſent à vous.

840 1109 2789 212 Il eſt temps, ô grands Dieux, de finir mon martire;

840 1274 2501 245 AccordeZ-moy la mort, puis que ie la deſire:

854 1448 2261 208 Et ne refuſez pas à ce cœur langoureux,

844 1604 2535 217 Le remede aſſeüré qui reſte aux mal-heureux.

844 1779 2427 193 Ie ne demande pas que ma fin ſoit vangée,

849 1934 2785 232 Car ie ne change point, quoy que l'on m'ait changée:

854 2100 2492 202 I'aime encor Tiridate inconſtant comme il eſt;

859 2251 2383 250 Ie croy deuoir haïr tout ce qui luy déplaiſt;

844 2430 2729 217 Puis qu'il veut mon treſpas, ie le tiens legitime,

863 2590 2601 222 Et ie veux que ma mort amoindriße ſon crime:

863 2737 2172 240 Faße le iuſte Ciel en m'oſtant la clarté,

849 2883 2275 292 Qu'il puiße aimer ailleurs ſans infidelité.

1628 3204 1189 184 CASSANDRE.

863 3440 2441 236 Exemple merueilleux de l'amour conjugale,

854 3596 2662 273 Que vous faites bien voir que rien ne vous egale,

854 3784 2808 236 Puis que dans les rigueurs, & dans le changement,

877 3945 2427 222 Ce cœur touſiours conſtant aime ſi cherement.

882 4096 2426 278 Que voſtre Majeſté s'il luy plaiſt ſe conſole,

892 4299 2317 221 Et pour ſe conſoler, s'aſſeure en ma parole,

877 4407 2762 321 Qui luy promet qu'vn iour les Dieux auront pitié

896 4610 2502 255 Des maux que le Roy fait à ſa chaſte amitié:

892 4766 2176 283 Et qu'il luy donnera la palme meritée,

896 4950 2002 292 Adorant la vertu qu'il a perſecutée.
