4267 5575
869 422 2854 121 ſi nous en auons le loiſir & qui regardent l’Office du Poëte, & voir ſi no¬

869 501 2854 158 ſtre Autheur en a eu la cognoiſſance parfaite, & s’il les a iuſtement miſes

864 603 1144 149 dans ſon Amour Tyrannique.

948 682 2770 158 La Fable qu’Ariſtote prend pour la matiere de la Tragedie, qui eſt l’a¬

869 794 2844 172 ction, & pour la diſpoſition de celle action, qu’il nomme la conſtitution

859 896 2859 149 des choſes, eſtant la premiere dans l’ordre de la diuiſion, l’eſt auſſi dans

855 1008 2863 153 celuy de l’exellence. C’eſt en ſa faueur que le Philoſophe apporte de ſi

855 1110 2858 158 belles raiſons, c’eſt elle qu’il nomme l’Ame de la Tragedie, & ſans laquel¬

855 1212 1655 126 le il ſouſtient qu’elle ne peut eſtre parfaite.

934 1305 2775 153 Et de vray, puiſque la fin eſt le principal dans toutes les choſes; que c’eſt

850 1407 2868 149 pour elle que l’on fait tout, & à elle que tout ſe rapporte, la fin de la Tra¬

845 1514 2873 144 gedie eſtant d’imiter le bon-heur ou le mal-heur des hommes, & les hom¬

845 1630 2878 130 mes n’eſtans heureux ou mal-heureux, qu’entant qu’ils agiſſent; la Fable

841 1714 2882 158 ſans doute eſt la premiere partie de la Tragedie, d’autant qu’elle contient l'a¬

841 1816 2877 158 ction, & que l’action contient la felicité ou le mal-heur, qui eſt la fin de

836 1909 484 139 la Tragedie.

911 1993 2807 181 Et certes, puiſque ſans la Fable, vn Poëte ſe ſeruant, des Moeurs, des

836 2090 2882 200 Sentimens, de la Diction, qui ſont les autres parties, n’auroit non plus fait

841 2216 2882 158 vn Poëme regulier, qu’vn Peintre auroit fait vn bon tableau, meſlant con¬

832 2308 2891 182 fuſément la Lacque, l’Azur d’outremer, & les autres couleurs ſans aucune

832 2434 2881 135 portraiture; & qu’au contraire vn Poëte auec la ſeule action, pourroit

836 2518 2877 139 auſſi bien faire vne belle Tragedie, qu’vn Peintre vne belle figure, auec de

832 2615 2877 158 la ſanguine ou du charbon; il me ſemble qu’il n’y a plus lieu de douter

832 2717 2881 144 qu’elle ne ſoit la principale partie d’vne choſe, ſans laquelle celle choſe là

827 2829 2882 153 ne peut eſtre, & quelle ne doiue eſtre miſe deuant les autres parties, puis

827 2936 1548 139 qu’elles en dependent ſi neceſſairement.

911 3019 2793 144 Dauantage, puiſque la derniere choſe que les hommes apprennent dans

822 3112 2882 181 les Arts, apres beaucoup d'excrcice & de diligence, eſt ce qu'il y a d’ex¬

822 3228 2887 130 cellent & de parfait; Les Anciens Poëtes qui ne ſçauoient pas encore trait¬

822 3335 2882 149 ter la Fable regulierement, quoy qu’ils employaſſent par tout diuinement

813 3423 2891 145 les autres parties Tragiques, font des teſmoins ſuffiſans que la Fable, dont

808 3526 2901 153 ils n'acquirent la cognoiſſance que ſur la fin, eſt ſans controuerſe la perfe¬

818 3623 1636 135 ction, & l’acheuement de ce beau Poëme.

892 3725 2807 140 S’il me falloit donner des exemples de cette derniere preuue, noſtre Thea¬

822 3837 2877 135 tre m'en fourniroit aſſez, ſans que ie fuſſe en peine d’en aller chercher par¬

818 3930 2872 144 my les ruines de la Scene Grecque. La Tragedie n'est pas ſi vieille chez nous,

818 4032 2872 144 qu'encore que nous la voyons dans ſa perfection, nous ne l’ayons veuë auſſi

822 4130 2863 139 dans ſon enfance, & que les meſmes Poëtes qui nous donnent des ouurages

818 4237 2277 144 tres-acheuez, ne nous en ayent donné de tres defectueux.

897 4334 2793 139 Il n’y a pas encore fort long temps que la Fable eſtoit ce qui leur faiſoit

827 4427 2858 144 le moins de peine; ils n’eſtudioient rien que la verſification; ils traittoient

822 4534 2863 135 indifferemment toutes ſortes de matieres, & pourueu que dans leurs Poë¬

827 4641 2849 148 mes ils euſſent meſlé confuſément les Amours, les Ialouſies, les Duels,

818 4720 2858 251 les Déguiſemens, les Priſons, & les Naufrages, ſur vne Scene diuiſée en

878 339 84 107 4

1743 264 1031 149 DISCOVRS
