4267 5579
493 399 2880 172 pluſieurs Regions, ils croyoient auoir fait vn excellent Poëme Dramati¬

497 530 168 162 que

1498 543 661 159 – – Poſt hoc

1256 636 1340 210 ſerui cadat an recto ſtet fabula talo.

567 846 2815 186 Nous auons cette obligation à Monſieur Mairet, qu’il a eſté premier

502 976 2871 172 qui a pris ſoin de diſpoſer l'action; qui a ouuert le chemin aux ouurages

502 1078 2885 158 reguliers par ſa Siluanire, & qui a ramené la maieſté de la Tragedie, dans

507 1185 2885 153 ſa Sophoniſbe, eſtant vray de dire de luy, qu’il eſt nay pour la gloire de

507 1273 2889 158 noſtre Siecle, & de la Poëſie de noſtre Nation. Vn peu apres l’on repre¬

507 1390 2880 148 ſenta auec applaudiſſement la mort de Cæſar, de Monſieur de Scudery;

511 1478 2885 181 Poëme certainement incomparable en ſon eſpece, & qui ſans doute le ſe¬

511 1576 2885 167 ra toujours, tant la force des penſées, & la magnificence des vers, le ren¬

516 1687 2885 149 dent digne de la maieſté de la vieille Rome, & tant il eſt regulier en toute

516 1775 2890 177 ſon œconomie. Depuis eux, quelques vns de nos Autheurs, ayans appris

516 1892 2890 162 dans vne eſtude plus exacte de l'Art Dramatique, combien la Fable eſtoit im¬

516 1961 2894 205 portante, & abſolument neceſſaire à la perfection de la Tragedie, en fin

521 2078 2880 186 nous ont donné pluſieurs beaux Poëmes, & reparé heureuſement leurs

521 2213 684 153 premiers deffauts.

609 2254 2806 186 Ie me ſuis vn peu eſtendu ſur les loüanges de la Fable, auparauant que

525 2385 2895 144 d’en faire la recherche dans l’ouurage de mon amy, afin de monſtrer com¬

525 2473 2895 163 bien elle eſtoit neceſſaire, & combien il merite de gloire, puis qu’il l’a ſi

525 2608 498 135 bien traittée.

604 2654 2816 214 C’eſt ce que ie pretends remarquer ſur ſon ouurage, & à quoy vne par¬

539 2817 1247 135 tie de ce Diſcours ſera employée.

614 2873 2806 181 Il eſt impoſſible qu’on puiſſe appeller vne choſe belle, ſi elle n’a l’or¬

535 2975 2899 181 dre & la grandeur qui ſont conuenables & proportionnées à ſa nature. En

544 3110 2890 130 tant plus elle approche de ce periode de grandeur, tant plus elle eſt parfaite;

544 3193 2885 145 comme au contraire elle eſt plus defectueuſe, plus elle s’en eſloigne, ou par

553 3291 2881 144 l'excés, ou par le deffaut. Les grands hommes ſont beaux, mais les Nains &

553 3412 940 126 les Geans ſont difformes.

632 3463 2806 181 Il en eſt de meſme de la Fable, qui contient la grandeur de la Tragedie, &

549 3589 2885 153 comme les corps ne peuuent eſtre beaux, ſans la grandeur, de meſme la

553 3691 2881 144 Tragedie ne peut eſtre belle, ſi elle n’eſt grande, & ſi elle n’arriue à ce ſu¬

553 3784 2876 191 préme periode qui luy eſt propre, & au delà duquel ſa nature ne luy ſouf¬

558 3909 1568 140 friroit pas de paſſer ſans eſtre defectueuſe.

637 3970 2801 181 Quoy qu’Ariſtote laiſſe la meſure de ceſte grandeur au iugement des Poë¬

563 4100 2866 149 tes, c'eſt toutefois auec de certaines regles où il les reſtraint. Il penſe donc

558 4198 2885 172 que l’action puiſſe croiſtre, & eſtre continuée, iuſques à ce qu’il ſoit ab¬

563 4286 2880 177 ſolument neceſſaire, ſelon l’ordre des choſes que l’on repreſente, d’y ap¬

576 4384 2867 181 porter le changement qui en eſt le dernier terme: comme lors que la bon¬

590 4491 2848 167 ne fortune ſe change en mal-heur, ou que le mal-heur ſe change en felicité.

688 4598 2750 148 Il ne faut point d’autre exemple que l’Amour Tyrannique, pour eſclaircir

590 4718 2378 205 ceſte doctrine, & pour faire voir par là combien il eſt regulier.

2968 4830 224 265 A iij

1228 241 1633 149 DE LA TRAGEDIE.

3317 265 82 125 5
