4267 5575
3365 334 51 139 1

1519 1245 1097 171 DISCOVRS

534 1477 2873 339 DE LA TRAGEDIE,

1845 1802 163 200 OV

520 2016 2882 195 REMARQUES SVR L’AMOVR TY¬

1069 2188 1775 195 rannique de Monſieur de Scudery.

813 2383 2152 237 Par Monſieur de SILLAC D'ARBOIS.

1189 2634 2199 181 ’AMOVR Tyrannique de Monſieur de Scudery, eſt vn

1199 2778 2189 144 Poëme ſi parfait, & ſi acheué, que ſi le temps n’euſt

1189 2889 2204 140 point enuié au ſiecle du CARDINAL DE RICHELIEU,

1180 2987 2208 144 la naiſſance d’Ariſtote, ou que Monſieur de Scudery euſt

632 2648 362 692 L

1171 3084 2217 135 eſcrit ſous l’Empire d’Alexandre; ie penſe auec raiſon

1175 3187 2208 130 que ce Philoſophe auroit reglé vne partie de ſa Poëti¬

497 3363 2886 181 d’auſſi beaux exemples, que de celle d’Oedipe, qu’il eſtimoit ſinguliere¬

1162 3284 2226 144 que ſur ceſte excellente Tragédie, & qu’il en auroit tiré

497 3484 218 116 ment.

567 3563 2816 149 Depuis que ce diuin homme, ayant remarqué tous les deffauts des Poe¬

483 3670 2900 167 tes Grecs, & reduit en Art ce qu’il trouuoit d’excellent dans leurs ouurages,

478 3772 2905 135 nous a enſeigné quelle opinion nous deuions auoir des Poëmes d'au¬

478 3860 2905 167 truy, & ce qu’il falloit ſuiure dans les noſtres; il ne ſe trouuera peut-eſtre

474 3976 2900 172 pas vn des Dramatiques, qui ait ſi bien profité de ſes Remarques, ny ſi

469 4083 2226 130 fidellement ſuiuy ſes preceptes que Monſieur de Scudery.

553 4171 2821 140 Si ie donnois ce Diſcours à vne ambition Crytique, pluſtoſt qu’au meri¬

469 4274 2905 181 te de mon amy, & à la iuſtification de ſon Poëme, i’aurois icy lieu de fai¬

483 4362 2877 176 re vn grand examen des Tragiques, & d’amener beaucoup de difficultez,

483 4455 2872 186 de citations, & d’exemples: Mais comme i’eſcris ſeulement pour ſa gloire,

478 4562 2850 190 ie me contenteray de faire voir les beautez de ſon ouurage, ſans obſer¬

474 4673 2872 167 uer les vices des autres, & ſans eſtablir ſa reputation ſur leurs ruines;

478 4757 2877 265 & i'auray aſſez fait, ſi ie confirme les Doctes dans l’eſtime qu’ils font de ce

2988 4919 65 154 A
