4267 5575
1984 752 112 218 A

646 966 2742 385 MESSIEURS

878 1356 2292 297 DE L'ACADEMIE

1255 1621 1580 251 FRANÇOISE.

1264 1993 1087 213 ESSIEVRS,

646 1983 511 618 M

780 2555 2636 302 Puis que vous eſtes les Iuges de nos belles Lettres;

622 2768 2794 251 Que par la voſtre moyen la France n'a plus rien à enuier

618 2931 2803 269 à la Grece & à l'Italie ; Que vous rendeZ Paris außi

594 3117 2827 228 fameux que Rome & Athenes; & que voſtre Com¬

618 3279 2789 205 pagnie donne à noſtre Siecle des Poëtes & des Ora¬

618 3410 2803 278 teurs außi parfaits que ces Anciens, dont la memoire

581 3605 2821 204 ſera touſiours en veneration: Il y auroit eu de l'iniu¬

581 3744 2835 246 ſtice de ne vous pas dedier cette Critique, & de la pre¬

576 3897 2840 251 ſomption de determiner de ſon prix, ſans vous en auoir

608 4055 2799 284 conſulteZ auparavant. Nous ſommes en vn temps où

608 4218 2808 274 tout le monde croit avoir droit de iuger de la Poëſie, de

622 4376 2794 279 laquelle Ariſtote a fait ſon chef-d'œuure; Où les ruel¬

622 4534 2780 269 les des femmes ſont les Tribunaux des plus beaux ou¬

613 4710 2784 265 uvrages; Où ce qui fut autrefois la vertu de peu de per¬

585 4878 2817 241 ſonnes, deuient la maladie du peuple, & le vice de la

608 5031 2794 344 multitude. Mais parmy tant de corruption il y enco¬

2877 5286 181 154 ẽ ij
