4267 5575
511 469 2886 107 comme ceux qui n'ont point encor fait de cures: La pratique apporte aux

511 524 2877 149 Medecins vne inſenſibilité pour les malades, & les vieux Regimens qui

506 636 2887 149 ſont tous les iours aux mains auec l’ennemy, l'attaquent ſans le craindre,

511 724 1910 158 & ſans s'eſbranler, comme les nouuelles trouppes.

594 808 2803 172 Il en eſt de meſme d’vn homme qui voit tous les jours des miſeres; il en

506 924 2891 153 eſt touché, mais iuſques au point où les Sages le doiuent eſtre, & l’habi¬

511 1036 2886 139 tude qu'il a d'aſſiſter aux ſpectacles qui luy donnent de la terreur, & de la

511 1128 2129 158 pitié, luy en procure le temperament & la mediocrité.

590 1240 2812 139 Puiſque c’eſt ſur le Theatre que ces choſes ſe repreſentent, que la Scene

511 1333 2891 167 y retentit des plaintes d’Hecube, d’Electre, d’Antigone; que l'on y in¬

515 1430 2878 168 troduit Oedipe , Atrée, Ægyſte, & qu’elle peut eſtre à bon droit nom¬

511 1542 2886 144 mée la lice des paſſions; c’eſt auſſi à la repreſentation des Poëmes tragiques

511 1639 2886 145 où agiſſent ces perſonnes, qu’il faut aller preparer ſes paſſions, & les con¬

515 1742 2873 130 duire à ceſte parfaite mediocrité du Philoſophe, où elles n’arriuent iamais,

511 1839 2891 168 qu’apres elles ne contribuent beaucoup à l'acquiſition de la Vertu, & à la

511 1946 985 139 connoiſſance des Sciences.

585 2030 2817 153 Voila quelle eſt l’opinion d'Ariſtote, touchant l’vſage de la Tragedie,

525 2141 2877 140 laquelle il nomme pour ceſte cauſe, la reigle des paſſions, qui fait bien

515 2248 2887 130 voir qu’il n’eſtoit pas du ſentiment de ceux, qui rapportent la fin de ce

520 2341 2877 135 Poëme ſublime, au plaiſir du peuple; ce que nous auons bien voulu

511 2439 2886 130 mettre icy afin de les deſabuſer, & de iuger ſi l’ouurage de Monſieur de

511 2541 2891 153 Scudery, peut exciter ces eſmotions violentes, qui preparent les eſprits à la

506 2643 2901 144 vertu & aux diſciplines, & s'il a ce degré de perfection que nous ſouhait¬

511 2741 1204 130 tons aux excellentes Tragedies.

581 2829 2807 144 Pour cét effet, il le faut examiner ſur les reigles du Philoſophe, & iuger

516.0 2969.0 2880.0 113.0 par la regularité de ſes parties ſeparées, de celles du tout qu'elles compo¬

502 3047 2891 144 ſent. Ainſi nous ſuiurons la facilité methodique que ce Sage a touſiours

511 3154 2886 135 dans ce qu’il enſeigne; & l'enuie meſme n’aura pas ſujet de dire que nous

511 3247 2886 153 flattions Monſieur de Scudery, puiſque nous examinerons ſon Poëme

520 3345 2417 134 ſelon la ſeuerité des preceptes que ce Philoſophe en a laissez.

590 3442 2282 149 Cét exellent homme a definy la Tragedie en ceſte maniere.

608 3544 2785 154 La Tragedie eſt l’imitation d’vne action ſerieuſe, complette, & iuſte dans

515 3628 2882 153 ſa grandeur, qui par l'action, & non pas ſimplement par le diſcours, exci¬

515 3749 2878 144 tant la pitié, & la terreur, en laiſſe apres vne mediocrité raiſonnable dans

515 3842 888 134 l’eſprit des Spectateurs.

608 3930 2780 181 (De laquelle definition nous auons banny le Rythme & la Muſique, qui

520 4041 1464 177 ne ſont plus de l'vſage de nostre ſiecle.)

594 4134 2803 158 Ce Philoſophe, dis-ie, l’ayant ainſi definie, la diuiſe en ſix parties eſſen¬

525 4264 2868 121 tielles, dont les deux dernieres ſe rapportent aux autres, & en dependent.

608 4357 2380 149 Celles-là ſont, la Fable, les Mœurs, les Sentimens, la Diction.

613 4455 2055 139 Celles-cy ſont, l'appareil du Theatre, & la Muſique.

608 4543 2789 177 Mais d’autant que de celles-cy ,la premiere regarde ſimplement le deco¬

539 4655 2849 162 rateur, & que l’autre, qui eſtoit le charme de l’ancienne Scene, n’a plus

543 4748 2854 241 d'vſage ſur la noſtre, il faudra ſeulement parler des quatre qui nous reſtent,

2821 4915 200 209 A ij

1194 274 1664 158 DE LA TRAGEDIE.

3323 236 65 233 3
