4267 5696
1111 204 1654 185 TRAGI-COMEDIE.

3235 299 102 170 5

536 422 2372 195 Tigrane mon cher frere, avec ſa Polixene,

527 550 2799 242 Se ſauue dans ces Murs, dont la priſe eſt certaine;

541 716 2124 223 Et Tiridate alors, fauoriſé de Mars,

532 887 2585 199 Plante ſes Pauillons au pied de ces ramparts.

555 1072 2742 209 Mais pourquoy vous compter vn ſi triſte voyage,

541 1215 2818 232 Puis qu'außi bien que moy vous eſtes dans l’orage?

565 1395 2499 223 Et que vous aueZ veu les inſignes malheurs

560 1547 2813 256 Qui perdent ma patrie, & qui cauſent mes pleurs?

560 1732 2286 218 Si l'eſperance meſme à la fin m'eſt rauie,

560 1884 2386 247 VoyeZ ſi i'ay raiſon d’abandonner la vie?

1373 2126 1159 218 CASSANDRE.

560 2392 2704 218 Mais le Roy ſçait-il bien que vous n'ignorez pas,

555 2577 2528 209 L'aueugle mouuement qui guide icy ſes pas?

1458 2786 993 218 ORMENE.

570 3023 2627 233 Mon viſage abatu dans le mal qui me touche,

589 3246 2722 190 Et mes ſoûpirs frequens ont parlé pour ma bouche:

589 3408 2608 199 Mes yeux ont aſſeZ dit la douleur que ie ſens;

584 3564 2604 242 Mais touſiours le reſpect a regné ſur mes ſens.

1496 3792 941 228 HECVBE.

589 4067 2171 214 L'exceZ en toute choſe eſtant illegitime,

584 4234 2205 246 Voſtre facilité, fait peut-eſtre ſon crime.

1487 4480 993 219 ORMENE.

598 4737 2699 242 Quelque injuſte rigueur qu'il exerce enuers moy,

598 4917 2808 290 Ie me ſouuiens qu’il eſt mon eſpoux, & mon Roy.

2746 5107 309 223 A iij
