4267 5717
1196 323 1559 167 TRAGI-COMEDIE.

3203 385 115 162 9

519 495 2427 200 Vn beau-pere inſolent eſt dans la ſeruitude,

495 647 2708 215 Son fils attend de nom vn traitement plus rude;

500 809 2417 220 Deja nous le tenons enclos de toutes parts,

500 976 2737 215 Et ſes derniers efforts, dans ſes derniers ramparts,

495 1152 2661 215 Teſmoignent ſa foibleſſe, & ſon humeur altiere:

491 1314 2345 215 La ville d'Amaſie eſt vn beau Cimetiere;

495 1491 2317 209 C'eſt icy que mon bras atterre ſon orgueil;

491 1648 2483 224 Il en fait ſon aZile, & i'en fais ſon cercueil;

486 1810 2326 238 Il ſuccombe deſia ſous l'effort qui l'accable,

481 1991 2603 214 Les Beliers ont agi, la breſche eſt raiſonnable,

491 2167 2565 205 Et le premier aſſaut que ie m'en vay donner,

491 2324 2360 224 Acheue cette guerre, & me va couronner,

1268 2572 1215 205 PHARNABASE.

476 2825 2546 219 La conqueſte ſi prompte eſt bien mal aſſeurée,

471 2987 2489 204 La fureur des torrens n'eſt iamais de durée:

457 3144 2799 248 Surprendre vn ennemy c'eſt (pour ne peint flatter)

467 3301 2293 224 Dérober la victoire, & non pas l’acheter.

462 3482 2703 229 Quand ſur la foy publique vn Prince ſe repoſe,

448 3639 2722 234 Qu'il n'a point de ſuiet de craindre aucune choſe,

457 3797 2069 247 Certes il eſt aiſé d’oprimer ſa valeur,

452 3992 2561 224 Et toute ſa prudence eſt courte en ce malheur.

1401 4201 892 263 TIRIDATE.

457 4464 2775 266 Vous offenſeZ vn Prince en diſant qu'il ſommeille:

448 4626 2774 281 Le rang de Souuerain veut que touſiours il veille;

448 4807 2479 281 Et qui s'aſſeure trop en ce qu'on luy promet,

429 4973 2150 310 Merite le malheur ou ſa faute le met.

2703 5250 71 119 B
