4267 5717
1039 252 1654 219 TRAGI-COMEDIE.

3141 242 139 220 15

3337 2115 381 162 Il feint d'y

3342 2215 233 128 reſuer.

3370 3849 324 129 Il le rap¬

3375 3930 377 138 pelle, & luy

3380 4030 333 138 parle bas.

1363 519 1020 205 TIRIDATE.

476 733 2313 281 Tiridate veut viure, ainſi qu'il a veſcu;

476 929 2732 238 Ne vaincre qu'à demy, c'eſt n'auoir pas vaincu:

476 1095 2665 215 Tour arreſter mon bras, cette feinte eſt großiere:

491 1276 2550 229 Que l'ennemy ſe rende, ou morde la poußiere:

495 1448 2336 219 Et s'il veut obtenir quelque pitié de nous,

500 1595 2689 291 Qu'il quitte ſes ramparts, & paroiſſe à genoux.

1325 1877 1139 185 OROSMANE.

510 2120 2431 214 Soit; pour faire ceder ſa fortune à la tienne,

514 2291 2556 224 Souffre que ie le voye, & que ie l'entretienne:

1420 2534 1016 210 TIRIDATE.

519 2796 2517 205 Allez faire ranger mes gens de toutes parts,

524 2977 2636 195 Et qu'on le meine apres au pied de ces ramparts;

529 3130 2369 214 Faites ſommer ce fils de parler à ſon pere:

529 3296 2527 205 Mais ſi leur entretien n'eſt tel que ie l'eſpere,

538 3458 2498 215 Et que cet orgueilleux perfide en ſon deſſein,

529 3601 2822 248 Qu'on luy mette à l'inſtant vn poignard dans le ſein.

519 3787 2522 200 Phraarte, il ſuffira d'en faire bien la feinte;

543 3968 2708 172 Car ie veux ſeulement l'eſmouuoir par la crainte;

533 4125 2661 219 Si ſon fils ne ſe rend, ſans luy faire aucun mal,

543 4282 2727 248 Qu'on donne à l'heure meſme vn aſſaut general:

553 4464 2255 219 Il paroiſt ſur la Tour, alleZ en diligence

557 4640 2522 190 Preparer les moyens d'vne illuſtre vangeance:

567 4797 2341 224 Le voila, depeſchez, contenteZ mon eſprit,

567 4973 2517 238 Et ne manqueZ à rien de ce que i'ay preſcrit.
