4267 5692
939 431 2677 171 Helas! qui de vous trois ſera pancher mon ame,

939 545 2801 228 Sans me combler de peine, außi bien que de blaſme?

958 730 2298 194 O Ciel trop rigoureux contre moy conjuré,

944 882 2373 223 Voulez-vous que i'agiſſe en fils deſnaturé?

944 1071 2739 204 Mais außi vouleZ-vous que ie me rende infame,

954 1219 2643 208 Et que mes laſchetez abandonnent ma femme?

949 1375 2781 232 Et toy puiſſant Amour qui regnes dans mon cœur,

925 1546 2815 223 Pourras-tu bien te rendre, & ſouffrir vn vainqueur?

939 1731 2502 190 O Deſtins ennemis dont la rigueur m'opreſſe!

920 1883 2820 256 Quoy? faut-il perdre vn pere, ou bien vne Maiſtreſſe?

925 2058 2516 233 Et dans le triſte eſtat qui me met aux abois,

925 2219 2582 214 Croyez-vous qu'vn eſprit puiſſe faire ce choix?

930 2390 2577 214 Ouy, malgré mon amour, malgré ma jalouſie,

916 2547 2069 213 Inuiſible bourreau de noſtre fantaiſie,

916 2708 2449 204 La Nature l'emporte, & ce premier deuoir

916 2869 2705 223 Comme eſtant le plus iuſte, a le plus de pouuoir:

916 3049 2672 200 Arreſte mal-heureux, garde bien d'entreprendre

925 3211 2625 204 Ce deteſtable coup, puis que ie me veux rendre.

1784 3396 1120 332 OROSMANE.

920 3695 2592 232 Tigrane, oſes-tu bien par crainte, ou par pitié,

920 3865 2274 228 Meſpriſer la vertu, pluſtoſt que l'amitié?

925 4031 2468 223 T'aurois-ie fait vn cœur capable de foibleſſe?

935 4197 2411 223 Oſes-tu prononcer ce diſcours qui me bleſſe?

925 4378 2573 199 Sçache que mon eſprit ne peut ſouffrir ta vois,

925 4525 2791 227 Qui veut faire vne injure au ſang de tant de Rois.

916 4719 2634 176 Parle, as-tu remarqué que i'aime aſſez la vie,

916 4876 2639 265 Pour craindre laſchement qu'elle me ſoit rauie?

949 246 137 171 20

1262 232 2288 199 L’AMOVR TIRANNIQVE,
