<?xml version="1.0" encoding="UTF-8"?>
<alto xmlns:xsi="http://www.w3.org/2001/XMLSchema-instance"
      xmlns="http://www.loc.gov/standards/alto/ns-v4#"
      xsi:schemaLocation="http://www.loc.gov/standards/alto/ns-v4# http://www.loc.gov/standards/alto/v4/alto-4-2.xsd">
  <Description>
    <MeasurementUnit>pixel</MeasurementUnit>
    <sourceImageInformation>
      <fileName>Scudery1639_Amour_btv1b8607044w_corrected_0048.png</fileName>
    </sourceImageInformation>
  </Description>
  <Tags>
    <OtherTag ID="BT7" LABEL="CustomZone" DESCRIPTION="block type CustomZone"/><OtherTag ID="BT8" LABEL="DamageZone" DESCRIPTION="block type DamageZone"/><OtherTag ID="BT9" LABEL="DigitizationArtefactZone" DESCRIPTION="block type DigitizationArtefactZone"/><OtherTag ID="BT10" LABEL="DropCapitalZone" DESCRIPTION="block type DropCapitalZone"/><OtherTag ID="BT11" LABEL="GraphicZone" DESCRIPTION="block type GraphicZone"/><OtherTag ID="BT12" LABEL="MainZone" DESCRIPTION="block type MainZone"/><OtherTag ID="BT13" LABEL="MarginTextZone" DESCRIPTION="block type MarginTextZone"/><OtherTag ID="BT14" LABEL="MusicZone" DESCRIPTION="block type MusicZone"/><OtherTag ID="BT15" LABEL="NumberingZone" DESCRIPTION="block type NumberingZone"/><OtherTag ID="BT17" LABEL="QuireMarksZone" DESCRIPTION="block type QuireMarksZone"/><OtherTag ID="BT18" LABEL="RunningTitleZone" DESCRIPTION="block type RunningTitleZone"/><OtherTag ID="BT19" LABEL="SealZone" DESCRIPTION="block type SealZone"/><OtherTag ID="BT20" LABEL="StampZone" DESCRIPTION="block type StampZone"/><OtherTag ID="BT21" LABEL="TableZone" DESCRIPTION="block type TableZone"/><OtherTag ID="BT22" LABEL="TitlePageZone" DESCRIPTION="block type TitlePageZone"/><OtherTag ID="BT322" LABEL="Title" DESCRIPTION="block type Title"/><OtherTag ID="BT323" LABEL="Stamp" DESCRIPTION="block type Stamp"/><OtherTag ID="BT324" LABEL="Decoration" DESCRIPTION="block type Decoration"/><OtherTag ID="BT325" LABEL="DropCapital" DESCRIPTION="block type DropCapital"/><OtherTag ID="BT326" LABEL="Main" DESCRIPTION="block type Main"/><OtherTag ID="BT327" LABEL="Signatures" DESCRIPTION="block type Signatures"/><OtherTag ID="BT328" LABEL="RunningTitle" DESCRIPTION="block type RunningTitle"/><OtherTag ID="BT329" LABEL="Numbering" DESCRIPTION="block type Numbering"/><OtherTag ID="BT330" LABEL="Damage" DESCRIPTION="block type Damage"/><OtherTag ID="BT331" LABEL="Margin" DESCRIPTION="block type Margin"/>
    <OtherTag ID="LT7" LABEL="CustomLine" DESCRIPTION="line type CustomLine"/><OtherTag ID="LT8" LABEL="DefaultLine" DESCRIPTION="line type DefaultLine"/><OtherTag ID="LT9" LABEL="DropCapitalLine" DESCRIPTION="line type DropCapitalLine"/><OtherTag ID="LT10" LABEL="HeadingLine" DESCRIPTION="line type HeadingLine"/><OtherTag ID="LT11" LABEL="InterlinearLine" DESCRIPTION="line type InterlinearLine"/><OtherTag ID="LT12" LABEL="MusicLine" DESCRIPTION="line type MusicLine"/><OtherTag ID="LT208" LABEL="Default" DESCRIPTION="line type Default"/><OtherTag ID="LT209" LABEL="Rubric" DESCRIPTION="line type Rubric"/>
  </Tags>
  <Layout>
    <Page WIDTH="4267"
          HEIGHT="5671"
          PHYSICAL_IMG_NR="14"
          ID="eSc_dummypage_">
      <PrintSpace HPOS="0"
                  VPOS="0"
                  WIDTH="4267"
                  HEIGHT="5671">
        <TextBlock HPOS="911.0"
                   VPOS="216.0"
                   WIDTH="132.0"
                   HEIGHT="215.0"
                   ID="eSc_textblock_23b938f8"
                   TAGREFS="BT329">
          <Shape><Polygon POINTS="911 216 911 431 1043 431 1043 216"/></Shape>
          <TextLine ID="tl_1"
                    TAGREFS="LT208"
                    BASELINE="942 366 998 366 1031 365" 
                    HPOS="941"
                    VPOS="250"
                    WIDTH="85"
                    HEIGHT="156">
            <Shape><Polygon POINTS="941 363 941 406 1026 396 1026 363 1026 255 941 250 941 363"/></Shape>
	    <String CONTENT="6"
                    HPOS="941"
                    VPOS="250"
                    WIDTH="85"
                    HEIGHT="156"></String>
          </TextLine>
        </TextBlock>
        <TextBlock HPOS="1139.0"
                   VPOS="216.0"
                   WIDTH="2361.0"
                   HEIGHT="227.0"
                   ID="eSc_textblock_408006eb"
                   TAGREFS="BT328">
          <Shape><Polygon POINTS="1139 216 1139 443 3476 443 3500 216"/></Shape>
          <TextLine ID="eSc_line_d9d14bef"
                    TAGREFS="LT208"
                    BASELINE="1175 363 2046 350 3490 350" 
                    HPOS="1168"
                    VPOS="217"
                    WIDTH="2318"
                    HEIGHT="198">
            <Shape><Polygon POINTS="3439 217 1168 217 1173 387 1229 411 1248 411 1248 406 1267 387 1281 378 1527 378 1556 392 1617 411 1636 411 1636 406 1674 378 2100 378 2119 392 2133 406 2133 411 2142 411 2147 415 2592 415 2592 411 2630 396 2663 378 2743 396 2805 406 2880 373 2999 373 3032 406 3481 396 3486 349 3481 344 3439 217"/></Shape>
	    <String CONTENT="L’AMOVR TIRANNIQVE,"
                    HPOS="1168"
                    VPOS="217"
                    WIDTH="2318"
                    HEIGHT="198"></String>
          </TextLine>
        </TextBlock>
        <TextBlock HPOS="851.0"
                   VPOS="431.0"
                   WIDTH="3009.0"
                   HEIGHT="4759.0"
                   ID="eSc_textblock_8f710cf1"
                   TAGREFS="BT326">
          <Shape><Polygon POINTS="3860 431 3716 5166 851 5190 947 431"/></Shape>
          <TextLine ID="tl_2"
                    TAGREFS="LT208"
                    BASELINE="1798 626 2958 634" 
                    HPOS="1792"
                    VPOS="434"
                    WIDTH="1164"
                    HEIGHT="227">
            <Shape><Polygon POINTS="2895 434 2890 434 2885 434 2828 463 2814 467 2791 463 2724 444 2720 444 2715 444 2710 444 2705 444 2682 463 2668 472 2431 472 2417 463 2355 434 2317 434 2270 434 2223 434 2176 434 2128 434 2114 434 2086 463 2081 467 1949 467 1939 463 1896 434 1892 434 1859 434 1797 458 1797 623 1792 652 2947 661 2956 633 2956 463 2899 434 2895 434"/></Shape>
	    <String CONTENT="CASSANDRE."
                    HPOS="1792"
                    VPOS="434"
                    WIDTH="1164"
                    HEIGHT="227"></String>
          </TextLine>
          <TextLine ID="tl_3"
                    TAGREFS="LT208"
                    BASELINE="951 871 1055 871 1183 871 1449 865 1945 865 2113 863 2479 863 2889 867 3433 897" 
                    HPOS="946"
                    VPOS="694"
                    WIDTH="2483"
                    HEIGHT="218">
            <Shape><Polygon POINTS="950 869 946 893 3420 912 3429 893 3424 765 2980 732 2975 732 2970 732 2923 751 2904 756 2616 756 2606 741 2592 723 2587 723 2587 718 2582 718 2578 718 2573 718 2393 732 2237 708 2019 708 2015 708 2010 708 1972 723 1944 741 1930 723 1920 708 1915 708 1915 704 1911 704 1906 704 1901 704 1778 718 1641 737 1580 713 1542 699 1537 699 1532 699 1527 699 1485 713 1414 732 1371 708 1352 694 1348 694 1343 694 1338 694 1248 704 1083 727 950 699 950 869"/></Shape>
	    <String CONTENT="Il ſe doit ſouuenir de voſtre amour extreme,"
                    HPOS="946"
                    VPOS="694"
                    WIDTH="2483"
                    HEIGHT="218"></String>
          </TextLine>
          <TextLine ID="tl_4"
                    TAGREFS="LT208"
                    BASELINE="955 1041 1117 1037 1411 1033 1713 1033 1983 1031 2351 1029 2457 1027 2831 1031 2997 1037 3487 1089 3635 1047" 
                    HPOS="946"
                    VPOS="864"
                    WIDTH="2687"
                    HEIGHT="260">
            <Shape><Polygon POINTS="1896 869 1802 869 1750 907 1471 907 1461 897 1414 869 1334 869 1267 897 950 897 950 1039 946 1063 1409 1063 1471 1086 1490 1086 1523 1063 1674 1091 1783 1053 1873 1096 1887 1096 1963 1072 2024 1058 2213 1101 2223 1101 2294 1068 2493 1068 2521 1077 2568 1105 2757 1077 3235 1124 3339 1091 3368 1120 3382 1120 3628 1086 3633 1044 3614 916 3320 902 3268 945 3188 945 3065 888 3051 888 2985 916 2966 888 2961 888 2961 883 2942 883 2871 907 2649 879 2634 879 2606 902 2573 879 2403 874 2393 874 2303 921 2289 907 2289 902 2284 902 2284 897 2228 902 2166 916 2105 879 2081 879 2081 883 2057 902 2048 916 1977 916 1920 864 1896 869"/></Shape>
	    <String CONTENT="Et qu’il vous doit aimer à l&#x27;eſgal de luy-meſme."
                    HPOS="946"
                    VPOS="864"
                    WIDTH="2687"
                    HEIGHT="260"></String>
          </TextLine>
          <TextLine ID="tl_5"
                    TAGREFS="LT208"
                    BASELINE="1789 1296 1911 1296 2271 1300 2415 1296 2773 1306" 
                    HPOS="1783"
                    VPOS="1068"
                    WIDTH="989"
                    HEIGHT="321">
            <Shape><Polygon POINTS="1788 1294 1783 1313 2001 1346 2005 1346 2010 1346 2038 1332 2081 1313 2142 1342 2161 1351 2166 1351 2171 1351 2213 1346 2407 1318 2478 1365 2502 1384 2507 1384 2511 1384 2516 1389 2767 1389 2772 1304 2762 1072 2663 1101 2630 1077 2630 1072 2625 1072 2620 1072 2616 1072 2611 1072 2592 1077 2535 1091 2455 1082 2317 1068 2313 1068 2194 1086 2190 1086 2185 1086 2185 1091 2180 1091 2138 1129 1788 1110 1788 1294"/></Shape>
	    <String CONTENT="ORMENE."
                    HPOS="1783"
                    VPOS="1068"
                    WIDTH="989"
                    HEIGHT="321"></String>
          </TextLine>
          <TextLine ID="tl_6"
                    TAGREFS="LT208"
                    BASELINE="955 1537 1065 1537 1267 1539 1527 1539 2031 1539 2203 1539 2585 1539 2761 1539 3007 1547 3437 1569" 
                    HPOS="946"
                    VPOS="1375"
                    WIDTH="2488"
                    HEIGHT="212">
            <Shape><Polygon POINTS="950 1535 946 1568 3424 1587 3434 1568 3429 1417 2899 1427 2866 1408 2857 1398 2852 1398 2847 1398 2668 1394 2663 1394 2611 1403 2516 1422 2488 1398 2474 1389 2469 1389 2464 1389 2317 1389 2313 1389 2308 1389 2280 1398 2218 1417 1991 1417 1967 1394 1967 1389 1963 1389 1958 1389 1953 1389 1915 1394 1778 1408 1745 1389 1736 1379 1731 1379 1726 1379 1603 1379 1598 1379 1594 1379 1589 1379 1584 1389 1561 1408 1509 1384 1480 1375 1475 1375 1471 1375 1390 1384 1244 1403 950 1379 950 1535"/></Shape>
	    <String CONTENT="Ie me dois ſouuenir au milieu de mes maux,"
                    HPOS="946"
                    VPOS="1375"
                    WIDTH="2488"
                    HEIGHT="212"></String>
          </TextLine>
          <TextLine ID="tl_7"
                    TAGREFS="LT208"
                    BASELINE="957 1707 1113 1705 1309 1705 1757 1709 1851 1705 1871 1647 1959 1709 2197 1709 2497 1727 2665 1743 2837 1707 3047 1715 3265 1717 3381 1719 3565 1719 3735 1721" 
                    HPOS="950"
                    VPOS="1545"
                    WIDTH="2782"
                    HEIGHT="255">
            <Shape><Polygon POINTS="955 1706 950 1758 1419 1767 1442 1758 1518 1739 1764 1772 1915 1739 1944 1758 1953 1767 1953 1772 2100 1781 2147 1743 2242 1776 2393 1743 2417 1762 2417 1767 2436 1767 2488 1748 2592 1786 2876 1791 2876 1786 2904 1758 2914 1753 2999 1753 3018 1758 3098 1795 3112 1795 3202 1758 3391 1758 3434 1795 3434 1800 3448 1800 3727 1758 3732 1720 3732 1602 2923 1602 2748 1568 2422 1592 2341 1587 2090 1559 2081 1559 2015 1583 1991 1583 1854 1559 1844 1559 1769 1583 1433 1583 1248 1550 1106 1573 1059 1545 1040 1545 955 1568 955 1706"/></Shape>
	    <String CONTENT="Et du pouuoir d&#x27;vn Prince, &amp; du peu que ie vaux."
                    HPOS="950"
                    VPOS="1545"
                    WIDTH="2782"
                    HEIGHT="255"></String>
          </TextLine>
          <TextLine ID="tl_8"
                    TAGREFS="LT208"
                    BASELINE="1911 1967 2809 1983" 
                    HPOS="1901"
                    VPOS="1772"
                    WIDTH="904"
                    HEIGHT="231">
            <Shape><Polygon POINTS="1906 1965 1901 1989 2795 2003 2805 1980 2805 1824 2606 1791 2601 1791 2597 1791 2592 1791 2573 1809 2559 1814 2133 1791 2128 1791 2124 1791 2119 1791 2095 1809 1906 1772 1906 1965"/></Shape>
	    <String CONTENT="HECVBE."
                    HPOS="1901"
                    VPOS="1772"
                    WIDTH="904"
                    HEIGHT="231"></String>
          </TextLine>
          <TextLine ID="tl_9"
                    TAGREFS="LT208"
                    BASELINE="945 2207 1287 2201 1415 2197 1773 2209 2227 2249 2671 2213 2965 2219 3315 2217 3609 2239" 
                    HPOS="941"
                    VPOS="2051"
                    WIDTH="2663"
                    HEIGHT="226">
            <Shape><Polygon POINTS="941 2206 941 2235 998 2221 1106 2249 1121 2249 1182 2225 1343 2254 1457 2221 1589 2258 1603 2258 1636 2249 1707 2225 1769 2258 1783 2258 1878 2225 2190 2258 2317 2268 2592 2235 2644 2268 2663 2268 2753 2244 2795 2268 2809 2273 2824 2273 2956 2240 3055 2273 3098 2273 3311 2244 3335 2263 3335 2268 3353 2268 3439 2249 3595 2277 3604 2235 3604 2112 3306 2112 3178 2074 2753 2102 2715 2098 2559 2069 2502 2098 2237 2065 2128 2088 2105 2098 1896 2098 1887 2084 1863 2065 1863 2060 1844 2060 1769 2088 1655 2060 1636 2060 1603 2084 1584 2093 1466 2093 1428 2060 1428 2055 1414 2055 1281 2084 1258 2065 1258 2060 1026 2051 941 2069 941 2206"/></Shape>
	    <String CONTENT="Mais ſi voſtre intereſt n&#x27;excite point voſtre ame,"
                    HPOS="941"
                    VPOS="2051"
                    WIDTH="2663"
                    HEIGHT="226"></String>
          </TextLine>
          <TextLine ID="tl_10"
                    TAGREFS="LT208"
                    BASELINE="953 2367 1445 2371 1819 2375 1937 2371 2209 2389 2387 2401 2517 2377 3119 2381 3575 2387" 
                    HPOS="946"
                    VPOS="2206"
                    WIDTH="2625"
                    HEIGHT="251">
            <Shape><Polygon POINTS="2459 2230 2412 2230 2360 2235 2317 2268 2161 2268 2105 2235 1991 2225 1944 2225 1868 2216 1840 2244 1821 2258 1447 2258 1296 2254 1244 2211 1225 2211 1092 2249 1088 2244 1021 2206 983 2206 950 2230 950 2362 946 2395 1457 2433 1792 2410 1892 2438 2119 2400 2204 2443 2459 2405 2507 2443 2507 2447 2686 2443 2734 2410 2791 2438 2809 2438 2852 2410 2899 2452 3212 2414 3259 2457 3278 2457 3387 2419 3566 2419 3571 2386 3562 2244 3462 2263 3434 2244 3429 2235 3415 2235 3306 2254 3169 2230 3103 2258 3074 2230 2828 2225 2776 2273 2696 2273 2653 2230 2653 2225 2634 2225 2530 2254 2497 2225 2459 2230"/></Shape>
	    <String CONTENT="Combatez pour le ſien, &amp; le ſauueZ blaſme."
                    HPOS="946"
                    VPOS="2206"
                    WIDTH="2625"
                    HEIGHT="251"></String>
          </TextLine>
          <TextLine ID="tl_11"
                    TAGREFS="LT208"
                    BASELINE="1861 2637 2847 2645" 
                    HPOS="1854"
                    VPOS="2424"
                    WIDTH="989"
                    HEIGHT="250">
            <Shape><Polygon POINTS="1854 2670 2833 2674 2843 2641 2838 2462 2701 2443 2696 2443 2691 2443 2686 2443 2672 2452 2639 2476 2616 2457 2616 2452 2611 2452 2606 2452 2601 2452 2597 2452 2511 2471 2459 2447 2431 2433 2426 2433 2228 2429 2223 2429 2218 2429 2213 2429 2204 2438 2157 2481 1958 2481 1868 2424 1859 2632 1854 2670"/></Shape>
	    <String CONTENT="ORMENE."
                    HPOS="1854"
                    VPOS="2424"
                    WIDTH="989"
                    HEIGHT="250"></String>
          </TextLine>
          <TextLine ID="tl_12"
                    TAGREFS="LT208"
                    BASELINE="941 2871 1049 2875 1681 2877 2091 2875 2497 2877 2649 2877 3181 2877 3335 2877 3657 2901" 
                    HPOS="931"
                    VPOS="2703"
                    WIDTH="2725"
                    HEIGHT="264">
            <Shape><Polygon POINTS="936 2868 931 2915 1206 2953 1509 2915 1617 2906 1636 2915 1703 2958 1712 2958 1717 2963 2010 2963 2010 2958 2019 2958 2019 2953 2057 2920 2223 2911 2237 2915 2289 2963 2299 2963 2303 2967 2809 2967 2809 2963 2814 2963 2904 2915 2932 2915 3084 2939 3652 2915 3656 2896 3656 2759 3547 2722 3193 2722 3112 2759 3108 2750 3079 2726 3079 2722 2980 2717 2795 2717 2710 2755 2422 2726 2412 2726 2384 2736 2308 2755 2223 2717 1627 2750 1523 2712 1494 2712 1452 2745 1334 2745 1305 2722 1305 2717 1281 2717 1239 2750 1078 2750 1040 2712 1040 2707 936 2703 936 2868"/></Shape>
	    <String CONTENT="Il n&#x27;apartient qu&#x27;aux Dieux de conſeiller les Rois,"
                    HPOS="931"
                    VPOS="2703"
                    WIDTH="2725"
                    HEIGHT="264"></String>
          </TextLine>
          <TextLine ID="tl_13"
                    TAGREFS="LT208"
                    BASELINE="1761 3141 1859 3141 2911 3139" 
                    HPOS="1759"
                    VPOS="2963"
                    WIDTH="1150"
                    HEIGHT="260">
            <Shape><Polygon POINTS="1759 3137 1759 3223 2909 3218 2909 3137 2909 2991 2682 2963 2677 2963 2436 2982 2351 2986 2308 2977 2228 2963 2223 2963 2218 2963 2213 2963 2194 2977 2190 2986 2176 2977 2161 2963 2157 2963 2152 2963 2147 2963 2081 2977 2024 2986 1759 2972 1759 3137"/></Shape>
	    <String CONTENT="CASSANDRE."
                    HPOS="1759"
                    VPOS="2963"
                    WIDTH="1150"
                    HEIGHT="260"></String>
          </TextLine>
          <TextLine ID="tl_14"
                    TAGREFS="LT208"
                    BASELINE="939 3377 1103 3377 1289 3377 1693 3377 1959 3377 2195 3381 2857 3381 3201 3379 3493 3371" 
                    HPOS="931"
                    VPOS="3213"
                    WIDTH="2560"
                    HEIGHT="213">
            <Shape><Polygon POINTS="936 3374 936 3426 3486 3421 3491 3369 3476 3241 3141 3251 3093 3237 3037 3213 3018 3213 2956 3256 2809 3256 2757 3213 2644 3213 2620 3227 2587 3256 2493 3256 2407 3227 2355 3213 2171 3237 2138 3213 2119 3213 2001 3251 1769 3227 1769 3232 1745 3256 1542 3256 1352 3213 1310 3213 1239 3237 1215 3213 931 3213 936 3374"/></Shape>
	    <String CONTENT="Et les Dieux pour cela demandent voſtre vois."
                    HPOS="931"
                    VPOS="3213"
                    WIDTH="2560"
                    HEIGHT="213"></String>
          </TextLine>
          <TextLine ID="tl_15"
                    TAGREFS="LT208"
                    BASELINE="1841 3705 2803 3715" 
                    HPOS="1835"
                    VPOS="3534"
                    WIDTH="965"
                    HEIGHT="241">
            <Shape><Polygon POINTS="1840 3700 1835 3738 2478 3775 2483 3775 2795 3747 2800 3714 2800 3553 1840 3534 1840 3700"/></Shape>
	    <String CONTENT="ORMENE."
                    HPOS="1835"
                    VPOS="3534"
                    WIDTH="965"
                    HEIGHT="241"></String>
          </TextLine>
          <TextLine ID="tl_16"
                    TAGREFS="LT208"
                    BASELINE="929 4043 1045 4047 1195 4045 1435 4047 1619 4051 2089 4049 2203 4045 2633 4053 3161 4039" 
                    HPOS="922"
                    VPOS="3870"
                    WIDTH="2238"
                    HEIGHT="246">
            <Shape><Polygon POINTS="927 4040 927 4092 1442 4116 1646 4083 1745 4116 1764 4116 1764 4111 1792 4087 1797 4078 1972 4078 2398 4111 2398 4106 2422 4087 2876 4102 2947 4073 3160 4073 3160 4035 3150 3903 2710 3870 2559 3908 2459 3908 2431 3879 2431 3875 2147 3875 2119 3903 2015 3875 2005 3875 1703 3912 1083 3912 1059 3903 965 3879 946 3879 922 3889 927 4040"/></Shape>
	    <String CONTENT="Ie ne puis me reſoudre à faſcher Tiridate."
                    HPOS="922"
                    VPOS="3870"
                    WIDTH="2238"
                    HEIGHT="246"></String>
          </TextLine>
          <TextLine ID="tl_17"
                    TAGREFS="LT208"
                    BASELINE="1851 4383 2783 4389" 
                    HPOS="1844"
                    VPOS="4210"
                    WIDTH="937"
                    HEIGHT="213">
            <Shape><Polygon POINTS="1849 4380 1844 4423 2776 4413 2781 4385 2776 4215 1849 4210 1849 4380"/></Shape>
	    <String CONTENT="HECVBE."
                    HPOS="1844"
                    VPOS="4210"
                    WIDTH="937"
                    HEIGHT="213"></String>
          </TextLine>
          <TextLine ID="tl_18"
                    TAGREFS="LT208"
                    BASELINE="935 4713 1085 4713 1277 4713 1409 4745 1581 4719 1729 4719 2025 4737 2161 4741 2463 4723 2841 4719 3599 4703" 
                    HPOS="927"
                    VPOS="4541"
                    WIDTH="2668"
                    HEIGHT="241">
            <Shape><Polygon POINTS="931 4711 931 4749 1182 4749 1263 4782 1281 4782 1281 4777 1310 4754 1414 4777 1428 4777 1466 4749 1679 4763 1726 4740 1958 4773 2649 4744 2904 4763 3027 4725 3089 4730 3297 4758 3590 4725 3595 4702 3585 4584 3443 4584 3443 4579 3363 4541 3349 4541 3202 4584 2956 4555 2890 4593 2601 4593 2422 4555 2317 4593 2284 4579 2251 4560 1627 4565 1627 4569 1617 4574 1584 4607 1447 4607 1329 4565 1315 4565 1187 4607 1078 4569 927 4569 931 4711"/></Shape>
	    <String CONTENT="Ce n&#x27;eſt pas la raiſon, c&#x27;eſt l&#x27;amour qui vous flate."
                    HPOS="927"
                    VPOS="4541"
                    WIDTH="2668"
                    HEIGHT="241"></String>
          </TextLine>
          <TextLine ID="tl_19"
                    TAGREFS="LT208"
                    BASELINE="931 4881 1039 4881 1755 4885 2101 4895 2395 4891 2579 4893 2955 4885 3359 4895" 
                    HPOS="922"
                    VPOS="4740"
                    WIDTH="2436"
                    HEIGHT="189">
            <Shape><Polygon POINTS="1400 4744 1390 4740 927 4740 927 4877 922 4919 3349 4929 3358 4891 3353 4758 1409 4740 1400 4744"/></Shape>
	    <String CONTENT="L&#x27;amour eſt vn tyran dans les ieunes eſprits,"
                    HPOS="922"
                    VPOS="4740"
                    WIDTH="2436"
                    HEIGHT="189"></String>
          </TextLine>
          <TextLine ID="tl_20"
                    TAGREFS="LT208"
                    BASELINE="943 5053 1255 5055 1431 5053 1933 5059 2369 5063 2827 5061 2959 5057 3243 5067 3443 5041" 
                    HPOS="936"
                    VPOS="4914"
                    WIDTH="2503"
                    HEIGHT="227">
            <Shape><Polygon POINTS="941 5051 941 5141 1168 5099 1310 5099 1414 5136 1442 5136 1518 5113 1636 5132 1693 5136 1693 5132 1698 5132 1736 5099 1953 5136 2209 5132 2209 5127 2218 5122 2242 5099 2407 5099 2436 5118 2455 5136 2639 5113 2691 5113 2885 5132 2885 5127 2923 5099 3254 5136 3434 5099 3439 5037 3424 4919 936 4914 941 5051"/></Shape>
	    <String CONTENT="Dont les profonds reſpects excitent le meſpris."
                    HPOS="936"
                    VPOS="4914"
                    WIDTH="2503"
                    HEIGHT="227"></String>
          </TextLine>
        </TextBlock>
        <TextBlock HPOS="1882.0"
                   VPOS="420.0"
                   WIDTH="156.0"
                   HEIGHT="131.0"
                   ID="eSc_textblock_1272e5b0"
                   TAGREFS="BT330">
          <Shape><Polygon POINTS="1882 420 1882 551 2038 551 2038 420"/></Shape>
        </TextBlock>
      </PrintSpace>
    </Page>
  </Layout>
</alto>
