4267 5575
869 241 65 149 6

1733 195 1046 181 DISCOVRS

966 339 2780 209 Tyridate ayant reduit Tygrane & Polyxene dans Amaſie, l'emporte

855 413 2886 242 d'aſſaut. Ce n’eſt pas aſſez, il faut qu’il ait cette femme & ce mary, qui

850 534 2887 223 ſont les obiects de ſa haine & de ſon amour, & les cauſes de la guerre.

850 636 2882 214 Au meſme inſtant le mal-heur de ces fidelles Amans les fait tomber entre

850 738 2882 195 ſes mains; ce n’eſt pas encore aſſez pour ſa felicité, s’il ne poſſede Polyxe¬

855 836 2872 246 ne, & s’il ne fait mourir ſon mary; de ſorte qu’il ſe reſout à ces violences,

850 933 2873 233 & ces deux Amans à la mort: Tygrane demande du poiſon à ſa femme,

845 1036 2878 246 elle luy en enuoye, Tyridate le ſurprend, & par vn billet mal expliqué,

845 1147 2878 195 croyant que c’eſt à ſa vie que l’on en veut, & changeant ſon amour en hai¬

841 1240 2872 237 ne, il delibere de les faire mourir; Il s’y reſout; Il en prononce l’Arreſt;

836 1333 2882 228 Voila ce me ſemble le dernier periode de l'action, au deça duquel elle ne

832 1435 2886 218 deuoit pas s’arreſter; & au delà duquel elle ne pouuoit pas croiſtre ſans

827 1533 2896 213 eſtre changée, & c’eſt là auſſi que le Poëte la termine, & que le frere de

822 1635 2896 237 Polyxene qui ſurprend le Tyran, change le mal-heur de ces Amans en vn

818 1737 2895 242 ſupréme bon-heur, & la felicité de Tyridate en vn mal-heur ineſperé, d’où

818 1858 2891 204 pourtant il ſort, par la recognoiſſance de ſes fautes, & par la bonté de

808 1951 1451 153 ceux qu’il auoit iniuſtement offenſez.

897 2044 2812 218 Ie ne parle point icy d’Oroſmane, ny d’Ormene, quoy que ces deux

790 2151 2919 204 perſonnes ſeruent beaucoup à rendre la grandeur de ceſte Tragedie plus

794 2257 2915 205 complette, & qu’ils facent vne partie principale de ſon dénoüement, &

799 2341 2886 195 de ſa connexion; c’eſt vn plaiſir que ie reſerue aux Lecteurs ſans y tou¬

790 2429 2905 233 cher, & qui leur fera remarquer combien ſont ingenieux, l'artifice & la

804 2541 827 153 conduitte du Poëte.

873 2643 2817 214 Certes quand ie conſidere la regularité auec laquelle ceſte action eſt

780 2745 2910 209 portée iuſques à ſon dernier periode, il faut que ie confeſſe que i'en ſuis

790 2852 2895 228 rauy, & que ie die qu’Ariſtote n’a pas mieux enſeigné, que Monſieur de

780 2945 1702 177 Scudery a ſuiuy exactement ſes preceptes.

859 3052 2831 209 La ſeconde regle que le Philoſophe laiſſe, pour la grandeur de la Tra¬

776 3149 2886 214 gedie, eſt celle que nos Dramatiques appellent des vingt-quatre heures,

776 3261 2882 209 d’autant que l’action ſe paſſe dans le temps, & que ſelon le temps qu’il luy

766 3340 2910 237 faut pour s’acheuer, elle peut eſtre appellée, ou grande, ou petite, ou ex¬

766 3461 2896 204 ceſſiue; ceſte regle à ce que veut Ariſtote, a eſté trouuée, pour ſoulager

766 3558 2892 200 la memoire des Spectateurs, & comme les actions de pluſieurs années, ou

766 3656 2882 209 de pluſieurs iours, auroient eu trop d’eſtendue, de ſorte que la memoire

762 3777 2891 181 ne les euſt pas peû retenir ſans effort, & qu’au contraire celles de quel¬

757 3865 2891 204 ques heures ne l’auroient pas aſſez occupée; le Philoſophe a iugé à pro¬

762 3962 2882 191 pos d’enfermer la grandeur de l’action dans l’eſpace d’vne iournée, &

757 4074 2882 209 voulu que les éuenemens qui pourroient arriuer entre deux Soleils, fuſ¬

753 4162 1143 153 ſent les limites de la Tragedie.

832 4264 2798 200 Et certes, outre le trauail & l’attention qu’il euſt fallu apporter, à voir

743 4367 2887 213 repreſenter les actions de pluſieurs années, qui euſſent troublé la me¬

748 4469 2882 214 moire des Auditeurs & laſſé leur patience, ce n’auroit plus eſté vn Art

739 4571 2886 214 que de compoſer des Tragedies. Les Epiſodes qu’Ariſtote conſeille ſi fort, &

734 4678 2886 283 qu’il faut traitter ſi delicatement, en auroient eſté bannis, il n’auroit plus
