4073 7160
513 459 191 215 20

991 280 2431 304 L’ESCOLE DES FEMMES,

1230 2028 2162 466 ACTE II.

591 2637 3356 501 SCENE PREMIERE.

1552 3192 1487 399 ARNOLPHE.

1469 3633 2538 340 L m’eſt, lors que i’y penſe, auantageux

1696 3902 734 220 ſans doute,

1493 3997 2520 299 D’auoir perdu mes pas, & pû manquer

1719 4254 568 197 ſa route:

871 3747 281 901 I

1522 4355 2497 275 Car enfin, de mon cœur le trouble im¬

961 4600 555 268 perieux,

656 4731 2951 281 N’euſt pu ſe renfermer tout entier à ſes yeux,

668 4910 2706 263 Il euſt fait éclater l’ennuy qui me deuore,

668 5059 3130 269 Et ie ne voudrois pas qu'il ſceût ce qu'il ignore.

680 5256 3130 257 Mais ie ne ſuis pas Homme à gober le morceau,

680 5417 3309 251 Et laiſſer vn champ libre aux vœux du Damoiſeau,

698 5560 3363 281 I'en veux rompre le cours, & ſans tarder, apprendre

698 5763 3040 245 Iuſqu'où l'intelligence entr'eux a pû s’étendre:

704 5930 3213 257 I'y prens, pour mon honneur, vn notable intereſt,

710 6086 3273 346 Ie la regarde en femme, aux termes quelle en eſt,
