4058 7014
566 481 217 179 4

999 321 2430 298 L’ESCOLE DES FEMMES,

561 520 2865 269 Comme ſur les Maris accuſez de ſouffrance,

555 666 3321 280 De tout temps voſtre langue a daubé d’importance,

549 847 3146 286 Qu’on vous a veu contr’eux vn Diable déchainé;

561 987 3321 304 Vous deuez marcher droit, pour n’eſtre point berné;

561 1163 3093 286 Et s’il faut que ſur vous on ait la moindre priſe,

578 1338 3006 298 Gare qu’aux Carrefours on ne vous tympaniſe,

573 1589 339 211 Et....

1596 1671 1292 246 ARNOLPHE.

730 1800 3175 321 Mon Dieu, noſtre Amy, ne vous tourmẽtez point;

573 1975 3058 322 Bien hupé qui pourra m’attraper ſur ce poinct.

584 2174 2889 275 Ie ſçay les tours ruſez, & les ſubtiles trames,

584 2320 3333 310 Dont, pour nous en plãter, ſçauent vſer les Femmes,

602 2507 2748 281 Et comme on eſt dupé par leurs dexteritez;

602 2677 2730 257 Contre cet accident i'ay pris mes ſeuretez,

596 2852 2643 257 Et celle que i'épouſe, a toute l’innocence

590 3010 3163 298 Qui peut ſauuer mon front de maligne influence.

1613 3179 1345 222 CHRISALDE.

602 3343 3222 298 Et que pretendez-vous qu’vne Sotte en vn mot...

1643 3501 1268 269 ARNOLPHE.

602 3641 2941 351 Epouſer vne Sotte, eſt pour n’eſtre point Sot:

608 3810 3344 322 Ie crois, en bon Chreſtien, voſtre moitié fort ſage;

613 3986 3146 327 Mais vne Femme habile eſt vn mauuais préſage,

625 4179 2889 280 Et ie ſçay ce qu’il couſte à de certaines gens,

625 4354 2877 263 Pour auoir pris les leurs auec trop de talens.

631 4524 2696 268 Moy i’irois me charger d'vne Spirituelle,

631 4635 3122 344 Qui ne parleroit rien que Cercle, & que Ruelle?

643 4833 3040 293 Qui de Proſe, & de Vers, ſeroit de doux écrits,

643 4997 2982 304 Et que viſiteroient Marquis, & beaux Eſprits,

654 5172 3023 281 Tandis que, ſous le nom du Mary de Madame,

660 5324 3234 316 Ie ſerois comme vn Saint, que pas-vn ne reclame?

666 5488 3333 304 Non, non, ie ne veux point d'vn Eſprit qui ſoit haut,

672 5681 3274 280 Et Femme qui compoſe, en ſçait plus qu’il ne faut.

678 5845 3169 292 Ie pretens que la mienne, en clartez peu ſublime,

684 6008 3005 439 Meſme ne ſçache pas ce que c'eſt qu’vne Rime;
