4058 7006
560 338 152 222 6

1027 274 2406 233 L'ESCOLE DES FEMMES,

1529 513 1378 205 CHRISALDE,

554 683 1536 321 Ie ne vous dis plus mot.

1634 928 1273 222 ARNOLPHE.

1967 1074 1489 233 Chacun a ſa methode.

560 1243 3346 292 En Femme, comme en tout, ie veux ſuiure ma mode;

554 1442 3171 262 Ie me voy riche aſſez, pour pouvoir, que ie croy,

566 1617 2913 216 Choiſir vne moitié, qui tienne tout de moy.

560 1774 2826 246 Et de qui la ſoûmise, & pleine dépendance,

566 1920 3048 281 N'ait à me reprocher aucun bien, ny naiſſance.

566 2125 2966 210 Vn air doux, & poſé, parmy d’autres enfans,

572 2259 3059 274 M'inſpira de l’amour pour elle, dés quatre ans:

578 2440 2639 251 Sa Mere ſe trouuant de pauureté preſſée,

583 2603 2657 263 De la luy demander il me vint la penſée.

578 2767 2884 257 Et la bonne Payſanne, apprenant mon deſir,

583 2936 2967 257 A s'oſter cette charge eut beaucoup de plaiſir.

583 3105 3042 246 Dans vn petit Couuent, loin de toute pratique,

595 3298 2271 210 Ie la fis éleuer, ſelon ma politique,

607 3427 3223 245 C'eſt à dire ordonnant quels ſoins on employroit,

607 3596 2978 257 Pour la rendre idiote autant qu’il ſe pourroit.

613 3789 2785 239 Dieu mercy, le ſuccés a ſuiuy mon attente,

607 3970 3013 221 Et grande, ie l'ay veuë à tel poinct innocente,

613 4110 3012 257 Que i'ay beny le Ciel d'auoir trouué mon fait,

630 4261 3258 263 Pour me faire vne Femme au gré de mon ſouhait.

624 4431 2844 268 Ie l'ay donc retirée; & comme ma demeure

630 4606 3194 257 A cent ſortes de monde eſt ouuerte à toute heure,

636 4793 3205 233 le I'ay miſe à l’écart, comme il faut tout préuoir.

630 4950 3258 234 Dans cette autre Maiſon, où nul ne me vient voir;

642 5126 2756 239 Et pour ne point gaſter ſa bonté naturelle,

648 5254 3170 298 Ie n’y tiens que des gens tout auſſi ſimples qu'elle.

653 5464 2680 228 Vous me direz pourquoy cette narration?

671 5610 3170 257 C'eſt pour vous rendre inſtruit de ma précaution.

665 5791 2680 239 Le reſultat de tout, eſt qu’en Amy fidelle,

677 5972 2656 374 Ce ſoir, ie vous inuite à ſouper auec elle:
