4058 6923
513 449 191 168 28

1160 361 2187 210 L’ESCOLE DES FEMMES,

479 542 2776 225 Une vous a pas faite vne belle perſonne;

461 628 3071 318 Afin de mal-vſer des choſes qu’il vous donne.

484 813 2783 294 Et vous deuez ſçauoir que vous auez bleſſé

479 980 3446 271 Vn cœur, qui de s'en plaindre eſt auiourd’huy forcé.

1558 1159 1668 225 ARNOLPHE à part.

467 1309 2759 317 Ah ſupoſt de Sathan, execrable damnée.

1760 1499 774 220 AGNES.

456 1626 3267 295 Moy, i’ay bleſſé quelqu’vn? fis-je toute eſtonnée,

456 1817 2926 271 Oüy, dit-elle, bleſſé, mais bleſſé tout de bon;

456 1978 3174 295 Et c’eſt l’homme qu’hier vous viſtes du Balcon.

444 2146 3181 288 Helas! qui pourroit, dis-je, en auoir eſté cauſe?

456 2307 3290 312 Sur luy ſans y penſer, fis-je choir quelque choſe?

456 2474 3059 277 Non, dit-elle, vos yeux ont fait ce coup fatal,

461 2619 3360 305 Et c’eſt de leurs regards qu’eſt venu tout ſon mal.

456 2803 3353 289 Hé, mon Dieu! ma ſurpriſe eſt, fis-je, ſans ſeconde.

461 2959 3464 289 Mes yeux ont-ils du mal pour en donner au monde?

473 3144 2880 288 Oüy, fit-elle, vos yeux, pour cauſer le trépas

473 3323 3053 265 Ma fille, ont vn venin que vous ne ſçauez pas.

473 3478 2794 271 En vn mot, il languit le pauure miſerable.

479 3651 2811 272 Et s’il faut, pourſuiuit la vieille charitable,

467 3836 2794 260 Que voſtre cruauté luy refuſe vn ſecours,

467 3969 3464 294 C’eſt vn homme à porter en terre dans deux iours.

484 4130 3458 306 Mon Dieu! i'en aurois, dy-je, vne douleur bien grãde.

484 4315 3452 288 Mais pour le ſecourir, qu’eſt-ce qu’il me demande?

490 4494 2973 259 Mon enfant, me dit-elle, il ne veut obtenir,

490 4655 2984 260 Que le bien de vous voir & vous entretenir.

496 4811 3232 288 Vos yeux peuuent eux ſeuls empeſcher ſa ruine,

490 4996 2933 253 Et du mal qu’ils ont fait eſtre la medecine.

490 5151 3146 277 Helas! volontiers, dis-je, & puis qu’il eſt ainſi,

496 5324 3030 272 Il peut tant qu’il voudra me venir voir icy.

1396 5492 1703 225 ARNOLPHE à part.

502 5648 3030 282 Ah ſorciere maudite, empoiſonneuſe d'ames,

513 5826 2881 404 Puiſſe l’Enfer payer tes charitables trames.
