4058 7014
532 344 3315 258 Voulez-vous qu’en Amy ie vous ouure mon cœur?

532 514 3321 269 Voſtre deſſein, pour vous, me fait trembler de peur;

532 689 3081 257 Et de quelque façon que vous tourniez l’affaire,

537 847 3333 286 Prendre Femme, eſt à vous vn coup bien temeraire.

1572 1081 1258 239 ARNOLPHE.

549 1297 3216 327 Il eſt vray, noſtre Amy. Peut-eſtre que chez vous

549 1490 3327 269 Vous trouuez des ſujets de craindre pour chez nous;

543 1683 3006 240 Et voſtre front, ie croy, veut que du Mariage,

555 1835 3117 286 Les Cornes ſoient par tout l'infaillible apanage.

1543 2010 1351 211 CHRISALDE.

567 2150 3327 293 Ce ſont coups du Hazard, dõt on n’eſt point garand;

555 2343 3339 258 Et bien ſot, ce me ſemble, eſt le ſoin qu'on en prend.

567 2525 3338 239 Mais quand ie crains pour vous, c’eſt cette raillerie

578 2665 2988 280 Dont cent pauures Maris ont ſouffert la furie:

584 2834 3333 263 Car enfin vous ſçauez, qu’il n'eſt grands, ny petits,

573 3033 2841 257 Que de voſtre critique on ait veus garantis;

590 3173 3327 269 Car vos plus grãds plaiſirs sõt, par tout où vous eſtes,

578 3343 2912 275 De faire cent éclats des intrigues ſecrettes....

1631 3524 1275 216 ARNOLPHE.

584 3664 3199 269 Fort bien: Eſt-il au Monde vne autre Ville auſſi,

602 3857 2596 246 Où l’on ait des Maris ſi patients qu’icy?

596 4027 3058 251 Eſt-ce qu’on n’en voit pas de toutes les eſpeces.

596 4173 3146 292 Qui ſont accommodez chez eux de toutes pieces?

625 4354 2930 269 L’vn amaſſe du bien, dont ſa Femme fait part

613 4518 2965 257 A ceux qui prennent ſoin de le faire Cornard.

619 4699 3339 257 L’autre vn peu plus heureux, mais non pas moins in¬

619 4863 3345 245 Voit faire tous les jours des presẽs à ſa Fẽme, [fame,

619 5032 2889 251 Et d’aucun ſoin jaloux n'a l’eſprit combattu,

619 5202 2836 245 Parce qu’elle luy dit que c'eſt pour ſa vertu.

637 5365 3327 234 L’vn fait beaucoup de bruit, qui ne luy ſert de gueres;

637 5546 3152 234 L'autre, en toute douceur, laiſſe aller les affaires,

631 5722 2684 222 Et voyant arriuer chez luy le Damoiſeau,

649 5862 3332 304 Prend fort honneſtement ſes gands, & ſon manteau.

953 151 2415 281 L'ESCOLE DES FEMMES,

519 320 141 147 2
