4058 6998
449 874 2429 455 PREFACE.

759 1370 2539 332 IEN des gens ont frondé d’abord

776 1621 2528 297 cette Comedie: mais les rieurs ont

794 1819 2522 297 eſté pour elle, & tout le mal qu'on

794 2006 2522 320 en a pu dire, n'a pû faire qu'elle

87 2210 3235 355 n'ait eu vn ſuccez, dont ie me contente. Ie

99 2431 3223 280 ſçay qu’on attend de moy, dans cette im¬

99 2624 3229 338 preſſion, quelque Preface, qui reſponde

105 2828 3228 303 aux cenſeurs, & rende raiſon de mon Ou¬

110 3026 3229 327 urage; & ſans doute que ie ſuis aſſez rede¬

110 3271 3229 262 uable à toutes les perſonnes, qui luy ont

122 3469 3206 280 donné leur approbation, pour me croire o¬

122 3679 3211 257 bligé de deffendre leur iugement, contre ce¬

122 3889 3206 245 luy des autres: mais il ſe trouue qu'vne

134 4082 3199 280 grande partie des choſes, que i'aurois à di¬

128 4286 3217 262 re ſur ce ſuiet, eſt deja dans vne Diſſerta¬

134 4467 3229 274 tion, que i’ay faite en Dialogue, & dont

134 4676 3217 286 ie ne ſçay encore ce que ie feray. L’idée de

140 4869 3229 309 ce Dialogue, ou ſi l'on veut, de cette petite

151 5073 3200 292 Comedie, me vint aprés les deux ou trois

151 5312 3223 239 premieres repreſentations de ma Piece; Ie la

157 5493 3188 268 dis cette idée dans vne maiſon où ie me trou¬

169 5691 3159 280 uay vn ſoir, & d’abord vne perſonne de qua¬

175 5872 3176 426 lité, dont l’eſprit eſt aſſez connû dans le

245 1889 344 426 B
