4058 6973
802 191 1593 372 EPISTRE.

58 430 3197 493 ſur Gloire, & qualitez ſur quali¬

93 743 3180 413 tez. Vous en auez, MADAME,

98 999 3192 476 du coſté du rang, & de la naiſſan¬

116 1330 3192 442 ce, qui vous font reſpecter de toute

139 1597 3198 419 la terre. Vous en auez du coſté des

156 1935 3163 389 Graces, & de l'Eſprit, & du Corps,

156 2179 3198 482 qui vous font admirer de toutes les

133 2481 3238 465 perſonnes, qui vous voyent. Vous en

186 2783 3197 424 auez du coſté de l'ame, qui, ſi l'on

209 3079 3192 424 oſe parler ainſi, vous font aymer de

226 3376 3186 395 tous ceux qui ont l'honneur d'appro¬

226 3608 3198 471 cher de vous: Ie veux dire cette dou¬

244 3968 3186 395 ceur pleine de Charmes, dont vous

244 4247 3203 413 daignez temperer la fierté des

226 4503 3209 459 grands titres que vous portez; cet¬

267 4817 3203 418 te bonté toute obligeante; cette af¬

238 5072 3250 483 fabilité genereuſe, que vous faites

261 5386 3238 436 paroiſtre pour tout le monde: Et

319 5735 3175 418 ce ſont particulierement ces dernieres

2372 6029 517 339 ã iiij
