4058 6899
3344 270 161 247 17

1392 528 956 156 HORACE,

224 597 2446 271 A ne vous rien cacher de la verité pure,

212 776 2953 247 I’ay d’amour en ces lieux eu certaine auanture,

212 931 2556 287 Et l'amitié m'oblige à vous en faire part.

1208 1138 1249 195 ARNOLPHE.

207 1241 2941 288 Bon, voicy de nouueau quelque conte gaillard,

207 1431 2676 259 Et ce ſera dequoy mettre ſur mes tablettes.

1346 1609 996 224 HORACE.

212 1730 3264 305 Mais, degrace, qu’au moins ces choſes ſoiẽt ſecrettes.

1191 1954 1272 207 ARNOLPHE.

218 2075 253 201 Oh.

1341 2247 984 253 HORACE.

552 2414 2464 270 Vous n’ignorez pas qu'en ces occaſions

207 2587 2504 247 Vn ſecret éuenté rompt nos pretentions.

207 2736 2814 276 Ie vous auoüeray donc auec pleine franchiſe,

195 2926 2694 236 Qu'icy d’vne Beauté mon ame s’eſt épriſe:

201 3081 2901 247 Mes petits ſoins d’abord ont eu tant de ſuccés,

189 3231 2930 264 Que ie me ſuis chez elle ouvert vn doux accés;

195 3409 2982 264 Et ſans trop me vanter, ny luy faire vne injure,

195 3570 2573 241 Mes affaires y ſont en fort bonne poſture.

1024 3754 1646 264 ARNOLPHE riant.

195 3863 524 213 Et c’eſt?

518 4047 2613 305 HORACE luy montrant le logis d'Agnés.

707 4237 2251 258 Vn jeune objet qui loge en ce logis,

195 4357 3028 322 Dont vous voyez d’icy que les murs ſont rougis,

201 4541 2705 276 Simple à la vérité, par l’erreur ſans ſeconde

195 4691 3247 305 D’vn Homme qui la cache au commerce du monde,

195 4858 3034 316 Mais qui dans l’ignorance où l’on veut l’aſſeruir,

189 5019 2550 287 Fait briller des attraits capables de rauir,

189 5185 3080 316 Vn air tout engageant, ie ne ſçay quoy de tendre,

184 5375 3131 259 Dont il n’eſt point de cœur qui ſe puiſſe defendre:

178 5501 3292 311 Mais, peut-eſtre, il n’eſt pas que vous n’ayez bien veu

189 5691 3178 282 Ce jeune Aſtre d'amour de tant d'attraits pourueu:

1133 258 1405 242 COMEDIE.

195 5818 1767 333 C'eſt Agnés qu'on l'appelle.
