4058 7091
550 271 224 237 16

1017 241 2396 237 L'ESCOLE DES FEMMES,

579 407 3118 260 Il faut, pour des Amis, des Lettres moins ciuiles,

567 561 2852 284 Et tous ces complims ſont choſes inutiles;

567 744 2798 260 Sans qu'il priſt le ſoucy de m’en écrire rien,

567 892 2940 325 Vous pouuez librement diſpoſer de mon bien.

1739 1134 999 242 HORACE.

573 1400 3201 278 Ie ſuis Homme à ſaiſir les gens par leurs parole,

567 1560 2846 325 Et i'ay preſentement beſoin de cent piſtoles.

1614 1784 1314 266 ARNOLPHE.

573 2038 2828 296 Ma foy, c’eſt m'obliger, que d’en vſer ainſi,

585 2245 2106 260 Et ie me réjoüis de les auoir icy.

597 2428 1473 284 Gardez auſſi la bourſe.

1774 2564 994 236 HORACE.

2023 2771 597 207 Il faut....

1620 2901 1284 266 ARNOLPHE.

2579 3055 1047 254 Laiſſons ce ſtile.

591 3238 3396 337 Hé bien, comment encor trouuez-vous cette Ville?

1768 3439 994 236 HORACE.

597 3598 3094 266 Nombreuſe en Citoyens, ſuperbe en baſtimens,

597 3775 2822 255 Et i’en croy merueilleux les diuertiſſemens.

1668 3953 1254 212 ARNOLPHE.

615 4077 2875 325 Chacun a ſes plaiſirs, qu’il ſe fait à ſa guiſe:

603 4260 3236 290 Mais pour ceux que du nom de Galans on baptiſe,

603 4473 2538 236 Ils ont en ce Païs dequoy ſe contenter,

615 4638 2697 237 Car les Femmes y ſont faites à coquetter.

609 4780 3372 272 On trouue d’humeur douce & la brune, & la blonde,

597 4963 2863 254 Et les Maris auſſi les plus benins du monde:

621 5129 3253 277 C’eft vn plaiſir de Prince, & des tours que ie voy,

615 5324 2685 236 Ie me donne ſouuent la Comedie à moy.

621 5495 3046 236 Peut-eſtre en auez-vous déja féru quelqu’vne:

621 5649 2733 260 Vous eſt-il point encor arriué de fortune?

627 5814 3265 272 Les gens faits comme vous, font plus que les écus,

627 5991 2620 361 Et vous eſtes de taille à faire des Cocus.
