4058 7048
611 640 2182 481 Extrait du Priuilege du Roy.

546 974 2776 359 AR Grace & Priuilege du Roy, donné à

541 1174 2799 329 Paris, le 4. Feurier 1663, Signé par le Roy

88 1497 411 218 P

541 1344 2799 347 en ſon Conſeil, GVITONNEAV. Il eſt

47 1480 3299 422 permis à GVILLAVME DE LVYNE Mar¬

70 1632 3282 388 chand Libraire de Noſtre bonne Ville de Paris, de

76 1844 3276 346 faire imprimer vne Piece de Theatre, de la Compo¬

82 1985 3282 393 ſition du Sieur MOLIERE Intitulée: L'Eſcole

94 2155 3275 399 des Femmes, pendant le temps de ſix années; Et

105 2319 3270 417 deffences ſont faites à toutes perſonnes de quelque

111 2507 3311 388 qualité & condition qu’ils ſoient, d’imprimer, ven¬

135.0 2678.0 3270.0 358.0 dre ny debiter ladite Comedie de L'Eſcole des Fem¬

135 2825 3264 381 mes, à peine de mil liures d’amande, & de tous deſ¬

147 2989 3264 435 pens, dommages & intereſts: Comme il eſt plus

147 3218 2334 388 amplement porté par leſdites Lettres.

364 3570 3064 435 Acheué d'imprimer pour la premiere fois, le 17.

170 3911 718 264 Mars 1663.

670 4070 2264 546 Les Exemplaires ont eſté fournis.

435 4528 3052 458 Regiſtré ſur le Liure de la Communauté des Mar¬

223 4769 3070 428 chands Libraires & Imprimeurs, le 16. Mars 1663.

1523 4898 1964 376 Signé, DVBRAY. Syndic.

411 5356 3105 376 Et ledit DE LVYNE a fait part du Priuilege

258 5550 3270 370 cy-deſſus, aux Sieurs SERCY, IOLY, BILLAINE,

270 5732 3264 341 LOYSON, GVIGNARD, BARBIN, &

288 5873 3258 417 QVINET, pour en joüir le temps porté par

288 6208 429 317 iceluy.
