4058 6899
282 471 3004 213 Vous me ſemblez chagrin; ſeroit-ce qu’en effet

276 615 2791 218 Vous deſaprouueriez le deſſein que i’ay fait?

1295 793 1272 236 ARNOLPHE.

270 925 1807 247 Non, c’eſt que ie ſongeois....

1404 1126 990 202 HORACE.

1686 1282 1525 224 Cet entretien vous laſſe;

259 1402 3165 305 Adieu, i'iray chez vous tantoſt vous rendre grace.

1254 1627 1267 189 ARNOLPHE.

259 1730 863 247 Ah! faut-il....

1110 1943 1578 230 HORACE reuenant.

1122 2109 2043 248 Derechef, veuillez eſtre diſcret,

241 2247 2803 253 Et n’allez pas, de grace, éuenter mon ſecret.

1260 2449 1255 207 ARNOLPHE.

241 2587 1813 224 Que ie ſens dans mon ame....

1082 2782 1588 201 HORACE reuenant.

1847 2949 1485 218 Et ſur tout à mon Pere,

230 3070 2751 258 Qui s'en feroit peut-eſtre vn ſujet de colere.

518 3248 2676 253 ARNOLPHE croyant qu'il reuient encore.

230 3409 3056 241 Oh.... Oh que i'ay ſouffert durant cet entretien!

230 3570 2717 235 Jamais trouble d’eſprit ne fut égal au mien.

224 3736 3114 265 Auec quelle imprudence, & quelle haſte extréme,

218 3897 2993 242 Il m'eſt venu conter cette affaire à moy-méme!

218 4058 3022 265 Bien que mon autre nom le tienne dans l’erreur,

212 4242 2752 225 Etourdy, montra-t'il iamais tant de fureur?

207 4386 3286 265 Mais ayant tant ſouffert, ie deuois me contraindre,

201 4553 2970 270 Iuſques à m'éclaircir de ce que ie dois craindre,

207 4720 2809 247 A pouſſer juſqu'au bout ſon caquet indiſcret,

201 4892 2809 247 Et ſçauoir pleinement leur commerce ſecret.

201 5042 3010 287 Tâchons à le rejoindre, il n’eſt pas loin ie penſe,

195 5208 2613 259 Tirons-en de ce fait l'entiere confidence;

195 5369 2838 259 Ie tremble du malheur qui m'en peut arriuer,

189 5542 3207 287 Et l'on cherche ſouuent plus qu’on ne veut trouuer.

892 5823 1801 374 Fin du Premier Acte.

3344 356 224 241 19

1203 229 1392 282 COMEDIE.
