4058 6899
259 436 2595 213 I'admire de le voir au poinct où le voila,

247 603 2820 224 Apres que ie l’ay veu pas plus grand que cela.

1404 753 961 212 HORACE.

259 896 771 225 Vous voyez.

1254 1080 1238 202 ARNOLPHE.

1007 1213 2285 253 Mais, de grâce, Oronte voſtre Pere,

230 1385 2924 242 Mon bon & cher Amy, que i’eſtime & reuere,

230 1569 3010 236 Que fait-il? que dit-il? eſt-il toûjours gaillard?

230 1741 3016 236 A tout ce qui le touche, il ſçait que ie prens part.

224 1897 3264 264 Nous ne nous sõmes veus depuis quatre ans ensẽble,

1352 2069 984 207 HORACE.

218 2213 3016 259 Ny, qui plus eſt, écrit l'vn à l'autre, me ſemble.

212 2385 3258 259 Il eſt, Seigneur Arnolphe, encor plus gay que nous,

212 2546 2648 236 Et i'auois de ſa part vne Lettre pour vous;

207 2719 3102 247 Mais depuis par vne autre il m’apprend ſa venuë,

207 2880 2624 224 Et la raiſon encor ne m’en eſt pas connuë.

195 3041 3051 259 Sçauez-vous qui peut-eſtre vn de vos Citoyens,

201 3208 3091 252 Qui retourne en ces lieux auec beaucoup de biens,

195 3397 3275 224 Qu'il s'eſt en quatorze ans acquis dans l'Amerique?

1220 3575 1220 202 ARNOLPHE.

184 3708 3056 241 Non: Vous a-t'on point dit cõme on le nomme?

1335 3886 967 218 HORACE.

2889 4058 558 248 Enrique.

1174 4231 1237 224 ARNOLPHE.

184 4346 328 247 Non.

1289 4530 984 224 HORACE.

621 4674 2602 270 Mon Pere m'en parle, & qu’il eſt reuenu,

172 4846 2930 265 Comme s'il deuoit m'eſtre entierement connu,

166 5019 3270 275 Et m’écrit qu’en chemin enſemble ils ſe võt mettre,

166 5191 3080 264 Pour vn fait important que ne dit point ſa Lettre,

1179 5392 1250 196 ARNOLPHE.

161 5530 2722 247 I’auray certainement grande joye à le voir,

161 5668 2544 299 Et pour le regaler, ie feray mon pouuoir.

633 5881 1600 276 Apres auoir leu la Lettre.

3344 270 178 235 15

1214 235 1370 224 COMEDIE.
