4058 6907
1151 253 1387 288 COMEDIE.

3332 414 184 184 23

742 1047 2112 403 SCENE III.

569 1519 2516 363 ALAIN, GEORGETTE.

1105 1899 1370 270 GEORGETTE.

166 2342 3264 380 Ses regards m'ont fait peur, mais vne peur horrible,

1323 2089 375 374 M

1703 2256 1727 253 On Dieu, qu’il eſt terrible!

155 2532 2815 317 Et iamais ie ne vis vn plus hideux Chreſtien.

1421 2774 720 196 ALAIN.

161 2826 2636 379 Ce Monſieur l’a fâché, ie te le diſois bien.

1082 3085 1404 236 GEORGETTE.

143 3182 3155 323 Mais que diantre eſt-ce là, qu’auec tant de rudeſſe

149 3349 2890 317 Il nous fait au logis garder noſtre Maiſtreſſe?

149 3505 3247 380 D'où vient qu’à tout le monde il veut tant la cacher,

143 3672 3017 357 Et qu'il ne ſçauroit voir perſonne en approcher?

143 3994 2527 345 C’eſt que cette action le met en jalouſie.

1410 3908 719 230 ALAIN.

132 4316 2872 351 Mais d'où vient qu’il eſt pris de cette fantaiſie?

1059 4242 1387 247 GEORGETTE.

126 4656 2953 374 Cela vient.... Cela vient, de ce qu'il eſt jaloux.

1398 4581 702 230 ALAIN.

120 4926 3235 432 Oüy: mais pourquoy l’eſt-il? & pourquoy ce couroux?

1041 4869 1353 259 GEORGETTE.

115 5295 3137 414 C’eſt que la jalouſie.... Entens-tu bien, Georgette,

1364 5249 702 190 ALAIN.

103 5456 3016 403 Eſt vne choſe.... la.... qui fait qu’on s’inquiete....

109 5629 2745 339 Et qui chaſſe les gens d’autour d'vne maiſon.

97 5773 2542 414 Ie m'en vais te bailler vne comparaiſon,
