4058 6850
3440 422 97 223 7

1228 368 1412 185 COMEDIE.

262 513 2772 240 Ie veux que vous puiſſiez vn peu l'examiner.

262 679 3081 211 Et voir, ſi de mon choix on me doit condamner.

1234 856 1320 211 CHRISALDE.

251 1004 760 217 I'y conſens.

1268 1187 1246 194 ARNOLPHE.

925 1307 2367 285 Vous pourrez, dans cette conference,

257 1484 2675 228 Iuger de ſa perſonne, & de ſon innocence.

1240 1678 1297 194 CHRISALDE.

251 1792 2806 274 Pour cette article là, ce que vous m’auez dit,

251 1986 674 217 Ne peut....

1280 2140 1211 234 ARNOLPHE.

1023 2323 2000 211 La verité paſſe encor mon recit.

251 2448 2858 263 Dans ſes ſimplicitez à tous coups ie l’admire,

245 2642 2681 217 Et par fois elle en dit, dont ie pâme de rire.

257 2825 2697 223 L’autre jour (pourroit-on ſe le perſuader)

240 2951 2937 308 Elle eſtoit fort en peine, & me vint demander,

245 3122 2669 240 Auec vne innocence à nulle autre pareille,

240 3288 3086 291 Si les enfans qu'on fait, ſe faiſoient par l'oreille.

1228 3544 1303 217 CHRISALDE.

240 3744 2617 331 Ie me réjoüis fort, Seigneur Arnolphe....

1245 3984 1235 194 ARNOLPHE.

2829 4087 320 279 Bon;

245 4269 2892 246 Me voulez-vous toûjours appeller de ce nom?

1223 4463 1314 195 CHRISALDE.

245 4583 3064 286 Ah! malgré que i’en aye, il me vient à la bouche,

240 4749 2960 257 Et iamais ie ne ſonge à Monſieur de la Souche.

240 4920 2463 268 Que diable vous a fait auſſi vous auiſer,

251 5097 2761 234 A quarante & deux ans, de vous débaptiſer?

240 5245 2926 286 Et d'vn vieux tronc pourry de voſtre Metairie,

240 5411 3103 285 Vous faire dans le Monde vn nom de Seigneurie?

1251 5611 1212 200 ARNOLPHE.

240 5719 2800 274 Outre que la Maiſon par ce nom ſe connaiſt,

245 5902 3230 320 La Souche, plus qu’Arnolphe, à mes oreilles plaiſt.

2617 6182 503 279 A iiij
