4058 7195
468 455 210 168 22

978 265 2425 328 L’ESCOLE DES FEMMES,

456 473 3055 312 Quiconque remûra, par la mort, ie l'aſſomme.

474 605 3397 354 Cõme eſt-ce que chez moy s’eſt introduit cet Hõme?

474 785 3223 360 Eh? parlez, dépeſchez, viſte, promptement, toſt,

486 1025 1741 288 Sans reſver, veut-on dire?

990 1265 2449 377 ALAIN & GEORGETTE.

2010 1666 529 240 Ah, ah.

1476 1960 1501 306 GEORGETTE.

2455 2164 1152 264 Le cœur me faut,

1878 2368 769 234 ALAIN.

546 2602 630 246 Ie meurs.

1614 2686 1309 251 ARNOLPHE.

1248 2991 2617 312 Ie ſuis en eau, prenons vn peu d'haleine,

564 3195 3097 324 Il faut que ie m'éuente, & que ie me promeine.

576 3387 2689 300 Aurois-je deuiné, quand ie l'ay veu petit,

570 3507 3385 378 Qu'il croiſtroit pour cela? Ciel! que mõ cœur pâtit!

582 3711 3187 306 Ie penſe qu'il vaut mieux que de ſa propre bouche

588 3915 2857 270 Ie tire auec douceur l'affaire qui me touche:

588 4065 2683 293 Tâchons à modérer noſtre reſſentiment.

600 4227 2989 305 Patience, mon cœur, doucement, doucement,

606 4394 3307 300 Leuez-vous, & rentrant, faites qu’Agnés deſcende.

606 4556 3385 324 Arreſtez. Sa ſurpriſe en deuiendroit moins grande.

606 4748 3127 282 Du chagrin qui me trouble, ils iroient l'auertir;

618 4922 2707 306 Et moy-méme ie veux l'aller faire ſortir.

618 5132 1573 366 Que l'on m'attende icy.
