<?xml version="1.0" encoding="UTF-8"?>
<alto xmlns:xsi="http://www.w3.org/2001/XMLSchema-instance"
      xmlns="http://www.loc.gov/standards/alto/ns-v4#"
      xsi:schemaLocation="http://www.loc.gov/standards/alto/ns-v4# http://www.loc.gov/standards/alto/v4/alto-4-2.xsd">
  <Description>
    <MeasurementUnit>pixel</MeasurementUnit>
    <sourceImageInformation>
      <fileName>Moliere1663_EcoleFemmes_cb30958541v_corrected_0033.png</fileName>
    </sourceImageInformation>
  </Description>
  <Tags>
    <OtherTag ID="BT7" LABEL="CustomZone" DESCRIPTION="block type CustomZone"/><OtherTag ID="BT8" LABEL="DamageZone" DESCRIPTION="block type DamageZone"/><OtherTag ID="BT9" LABEL="DigitizationArtefactZone" DESCRIPTION="block type DigitizationArtefactZone"/><OtherTag ID="BT10" LABEL="DropCapitalZone" DESCRIPTION="block type DropCapitalZone"/><OtherTag ID="BT11" LABEL="GraphicZone" DESCRIPTION="block type GraphicZone"/><OtherTag ID="BT12" LABEL="MainZone" DESCRIPTION="block type MainZone"/><OtherTag ID="BT13" LABEL="MarginTextZone" DESCRIPTION="block type MarginTextZone"/><OtherTag ID="BT14" LABEL="MusicZone" DESCRIPTION="block type MusicZone"/><OtherTag ID="BT15" LABEL="NumberingZone" DESCRIPTION="block type NumberingZone"/><OtherTag ID="BT17" LABEL="QuireMarksZone" DESCRIPTION="block type QuireMarksZone"/><OtherTag ID="BT18" LABEL="RunningTitleZone" DESCRIPTION="block type RunningTitleZone"/><OtherTag ID="BT19" LABEL="SealZone" DESCRIPTION="block type SealZone"/><OtherTag ID="BT20" LABEL="StampZone" DESCRIPTION="block type StampZone"/><OtherTag ID="BT21" LABEL="TableZone" DESCRIPTION="block type TableZone"/><OtherTag ID="BT22" LABEL="TitlePageZone" DESCRIPTION="block type TitlePageZone"/><OtherTag ID="BT239" LABEL="Title" DESCRIPTION="block type Title"/><OtherTag ID="BT240" LABEL="Decoration" DESCRIPTION="block type Decoration"/><OtherTag ID="BT241" LABEL="Stamp" DESCRIPTION="block type Stamp"/><OtherTag ID="BT242" LABEL="DropCapital" DESCRIPTION="block type DropCapital"/><OtherTag ID="BT243" LABEL="Main" DESCRIPTION="block type Main"/><OtherTag ID="BT244" LABEL="Signatures" DESCRIPTION="block type Signatures"/><OtherTag ID="BT245" LABEL="RunningTitle" DESCRIPTION="block type RunningTitle"/><OtherTag ID="BT246" LABEL="Numbering" DESCRIPTION="block type Numbering"/>
    <OtherTag ID="LT7" LABEL="CustomLine" DESCRIPTION="line type CustomLine"/><OtherTag ID="LT8" LABEL="DefaultLine" DESCRIPTION="line type DefaultLine"/><OtherTag ID="LT9" LABEL="DropCapitalLine" DESCRIPTION="line type DropCapitalLine"/><OtherTag ID="LT10" LABEL="HeadingLine" DESCRIPTION="line type HeadingLine"/><OtherTag ID="LT11" LABEL="InterlinearLine" DESCRIPTION="line type InterlinearLine"/><OtherTag ID="LT12" LABEL="MusicLine" DESCRIPTION="line type MusicLine"/><OtherTag ID="LT190" LABEL="Default" DESCRIPTION="line type Default"/><OtherTag ID="LT191" LABEL="Rubric" DESCRIPTION="line type Rubric"/>
  </Tags>
  <Layout>
    <Page WIDTH="4058"
          HEIGHT="6899"
          PHYSICAL_IMG_NR="21"
          ID="eSc_dummypage_">
      <PrintSpace HPOS="0"
                  VPOS="0"
                  WIDTH="4058"
                  HEIGHT="6899">
        <TextBlock HPOS="1128.0"
                   VPOS="228.0"
                   WIDTH="1414.0"
                   HEIGHT="285.0"
                   ID="eSc_textblock_e452c595"
                   TAGREFS="BT245">
          <Shape><Polygon POINTS="1128 228 1128 513 2542 513 2542 228"/></Shape>
          <TextLine ID="eSc_line_52b120cf"
                    TAGREFS="LT190"
                    BASELINE="1148 441 1501 443 1939 444 2151 445 2287 454 2520 467 2565 470" 
                    HPOS="1139"
                    VPOS="229"
                    WIDTH="1422"
                    HEIGHT="265">
            <Shape><Polygon POINTS="1145 436 1139 477 2549 494 2561 465 2561 235 1145 229 1145 436"/></Shape>
	    <String CONTENT="COMEDIE."
                    HPOS="1139"
                    VPOS="229"
                    WIDTH="1422"
                    HEIGHT="265"></String>
          </TextLine>
        </TextBlock>
        <TextBlock HPOS="182.0"
                   VPOS="479.0"
                   WIDTH="3420.0"
                   HEIGHT="4514.0"
                   ID="eSc_textblock_6ec5ded8"
                   TAGREFS="BT243">
          <Shape><Polygon POINTS="251 479 182 4959 3602 4993 3602 479"/></Shape>
          <TextLine ID="eSc_line_52862db9"
                    TAGREFS="LT190"
                    BASELINE="1530 616 1628 616 1795 615 1958 621 2104 626 2255 629" 
                    HPOS="1519"
                    VPOS="482"
                    WIDTH="731"
                    HEIGHT="173">
            <Shape><Polygon POINTS="1870 482 1813 482 1755 482 1698 482 1640 482 1582 482 1525 482 1525 615 1519 643 2239 655 2250 626 2244 488 1882 482 1870 482"/></Shape>
	    <String CONTENT="AGNES."
                    HPOS="1519"
                    VPOS="482"
                    WIDTH="731"
                    HEIGHT="173"></String>
          </TextLine>
          <TextLine ID="eSc_line_74eaff04"
                    TAGREFS="LT190"
                    BASELINE="3379 477 3558 489" 
                    HPOS="3358"
                    VPOS="373"
                    WIDTH="209"
                    HEIGHT="168">
            <Shape><Polygon POINTS="3506 393 3420 373 3378 471 3358 531 3531 541 3567 403 3551 482 3545 381"/></Shape>
	    <String CONTENT="13"
                    HPOS="3358"
                    VPOS="373"
                    WIDTH="209"
                    HEIGHT="168"></String>
          </TextLine>
          <TextLine ID="eSc_line_6ec4900e"
                    TAGREFS="LT190"
                    BASELINE="1415 782 1745 800 2427 819 3263 830" 
                    HPOS="1404"
                    VPOS="597"
                    WIDTH="1853"
                    HEIGHT="265">
            <Shape><Polygon POINTS="2216 626 2158 626 2100 626 2072 626 1934 649 1836 615 1813 615 1755 615 1698 615 1640 615 1582 620 1525 620 1513 597 1410 597 1410 781 1404 822 3246 862 3257 827 3257 678 2728 672 2693 649 2630 620 2624 620 2452 615 2446 615 2440 615 2377 638 2319 655 2244 632 2216 620 2216 626"/></Shape>
	    <String CONTENT="Oüy, Monſieur, Dieu mercy."
                    HPOS="1404"
                    VPOS="597"
                    WIDTH="1853"
                    HEIGHT="265"></String>
          </TextLine>
          <TextLine ID="eSc_line_9a1fef60"
                    TAGREFS="LT190"
                    BASELINE="1279 939 2497 966" 
                    HPOS="1272"
                    VPOS="793"
                    WIDTH="1220"
                    HEIGHT="207">
            <Shape><Polygon POINTS="2486 822 2429 822 2371 816 2313 816 2256 816 2198 816 2141 810 2083 810 2026 810 1968 810 1911 804 1853 804 1795 804 1738 799 1680 799 1657 793 1277 793 1277 937 1272 971 2480 1000 2492 965 2492 822 2486 822"/></Shape>
	    <String CONTENT="ARNOLPHE."
                    HPOS="1272"
                    VPOS="793"
                    WIDTH="1220"
                    HEIGHT="207"></String>
          </TextLine>
          <TextLine ID="eSc_line_8d171489"
                    TAGREFS="LT190"
                    BASELINE="270 1091 414 1090 719 1139 903 1095 1694 1133 1851 1109 2117 1122 2419 1133 3037 1142" 
                    HPOS="259"
                    VPOS="896"
                    WIDTH="2774"
                    HEIGHT="276">
            <Shape><Polygon POINTS="2382 965 2325 965 2267 965 2210 960 2152 960 2095 960 2037 960 1980 954 1922 954 1916 954 1870 977 1824 954 1807 954 1749 948 1698 948 1640 948 1617 948 1525 965 264 896 264 1086 259 1109 3021 1172 3033 1138 3033 965 2526 948 2521 948 2515 948 2509 948 2423 977 2394 965 2382 965"/></Shape>
	    <String CONTENT="Et moy de vous reuoir, ie ſuis bien aiſe auſſi:"
                    HPOS="259"
                    VPOS="896"
                    WIDTH="2774"
                    HEIGHT="276"></String>
          </TextLine>
          <TextLine ID="eSc_line_49d7f691"
                    TAGREFS="LT190"
                    BASELINE="262 1261 586 1258 914 1261 1224 1265 2222 1285 3003 1309 3506 1324" 
                    HPOS="253"
                    VPOS="1098"
                    WIDTH="3252"
                    HEIGHT="258">
            <Shape><Polygon POINTS="1698 1132 1640 1132 1582 1132 1531 1126 1502 1126 1467 1126 1456 1121 823 1109 777 1126 719 1138 661 1132 604 1121 546 1115 489 1103 483 1098 259 1098 259 1259 253 1299 771 1287 3493 1356 3505 1322 3505 1172 1703 1126 1698 1132"/></Shape>
	    <String CONTENT="Vous vous eſtes toûjours, cõme on voit, bien portée?"
                    HPOS="253"
                    VPOS="1098"
                    WIDTH="3252"
                    HEIGHT="258"></String>
          </TextLine>
          <TextLine ID="eSc_line_e0fb419c"
                    TAGREFS="LT190"
                    BASELINE="1517 1436 1619 1436 2259 1451" 
                    HPOS="1508"
                    VPOS="1276"
                    WIDTH="748"
                    HEIGHT="213">
            <Shape><Polygon POINTS="2175 1282 2170 1282 2164 1282 2095 1310 2054 1282 2031 1282 1974 1282 1916 1282 1911 1276 1513 1293 1513 1431 1508 1466 2244 1489 2256 1448 2256 1310 2181 1282 2175 1282"/></Shape>
	    <String CONTENT="AGNES."
                    HPOS="1508"
                    VPOS="1276"
                    WIDTH="748"
                    HEIGHT="213"></String>
          </TextLine>
          <TextLine ID="eSc_line_c80979e2"
                    TAGREFS="LT190"
                    BASELINE="265 1592 591 1584 791 1584 1198 1619 1444 1594 1851 1609 2005 1614 2297 1618 2949 1642" 
                    HPOS="259"
                    VPOS="1408"
                    WIDTH="2688"
                    HEIGHT="265">
            <Shape><Polygon POINTS="1680 1437 1675 1437 1669 1437 1577 1454 1513 1466 1490 1448 1462 1431 1456 1431 1450 1431 1444 1431 1254 1443 1036 1454 264 1408 264 1586 259 1621 2935 1673 2947 1638 2947 1506 2826 1471 2820 1471 2814 1471 2808 1471 2745 1494 2734 1500 2388 1494 2371 1483 2325 1454 2319 1454 2313 1454 2308 1454 1928 1466 1749 1471 1721 1460 1686 1437 1680 1437"/></Shape>
	    <String CONTENT="Hors les puces, qui m&#x27;ont la nuit inquietée."
                    HPOS="259"
                    VPOS="1408"
                    WIDTH="2688"
                    HEIGHT="265"></String>
          </TextLine>
          <TextLine ID="eSc_line_27379358"
                    TAGREFS="LT190"
                    BASELINE="1264 1762 2498 1788" 
                    HPOS="1254"
                    VPOS="1609"
                    WIDTH="1238"
                    HEIGHT="207">
            <Shape><Polygon POINTS="1260 1759 1254 1787 2480 1816 2492 1787 2492 1638 1260 1609 1260 1759"/></Shape>
	    <String CONTENT="ARNOLPHE."
                    HPOS="1254"
                    VPOS="1609"
                    WIDTH="1238"
                    HEIGHT="207"></String>
          </TextLine>
          <TextLine ID="eSc_line_7338bef1"
                    TAGREFS="LT190"
                    BASELINE="269 1914 507 1912 834 1917 1204 1923 1532 1928 1790 1932 2470 1956 2796 1965 2998 1969 3512 1980" 
                    HPOS="259"
                    VPOS="1736"
                    WIDTH="3252"
                    HEIGHT="287">
            <Shape><Polygon POINTS="2452 1787 2388 1787 2348 1805 2325 1787 2279 1787 2233 1782 2118 1805 2083 1782 1962 1776 1824 1799 1611 1799 1559 1770 1531 1770 1485 1764 1450 1787 1369 1764 1300 1764 1289 1747 1277 1747 1277 1753 1243 1782 869 1782 840 1764 765 1741 742 1741 702 1770 414 1736 264 1759 264 1908 259 1954 3499 2023 3511 1977 3511 1793 3027 1787 2993 1816 2883 1782 2831 1782 2578 1816 2463 1782 2452 1776 2452 1787"/></Shape>
	    <String CONTENT="Ah! vous aurez dans peu quelqu&#x27;vn pour les chaſſer."
                    HPOS="259"
                    VPOS="1736"
                    WIDTH="3252"
                    HEIGHT="287"></String>
          </TextLine>
          <TextLine ID="eSc_line_9165a7b7"
                    TAGREFS="LT190"
                    BASELINE="1517 2098 2260 2114" 
                    HPOS="1508"
                    VPOS="1931"
                    WIDTH="748"
                    HEIGHT="213">
            <Shape><Polygon POINTS="2204 1948 2083 1966 2026 1943 1974 1943 1962 1937 1847 1960 1513 1931 1513 2092 1508 2121 2244 2144 2256 2109 2250 1948 2204 1948"/></Shape>
	    <String CONTENT="AGNES."
                    HPOS="1508"
                    VPOS="1931"
                    WIDTH="748"
                    HEIGHT="213"></String>
          </TextLine>
          <TextLine ID="eSc_line_354ae08d"
                    TAGREFS="LT190"
                    BASELINE="253 2251 577 2240 799 2245 1147 2252 1622 2260" 
                    HPOS="241"
                    VPOS="2075"
                    WIDTH="1376"
                    HEIGHT="218">
            <Shape><Polygon POINTS="1513 2098 1508 2086 1168 2109 1036 2115 1013 2104 978 2081 972 2081 967 2081 961 2081 748 2092 448 2109 247 2075 247 2247 241 2293 1611 2293 1617 2259 1617 2121 1554 2098 1513 2098"/></Shape>
	    <String CONTENT="Vous me ferez plaiſir."
                    HPOS="241"
                    VPOS="2075"
                    WIDTH="1376"
                    HEIGHT="218"></String>
          </TextLine>
          <TextLine ID="eSc_line_84c29456"
                    TAGREFS="LT190"
                    BASELINE="1230 2424 1664 2433 1842 2437 2112 2442 2468 2450" 
                    HPOS="1220"
                    VPOS="2270"
                    WIDTH="1243"
                    HEIGHT="202">
            <Shape><Polygon POINTS="1226 2420 1220 2454 2452 2472 2463 2449 2463 2270 1226 2270 1226 2420"/></Shape>
	    <String CONTENT="ARNOLPHE."
                    HPOS="1220"
                    VPOS="2270"
                    WIDTH="1243"
                    HEIGHT="202"></String>
          </TextLine>
          <TextLine ID="eSc_line_f93a0905"
                    TAGREFS="LT190"
                    BASELINE="1751 2590 1874 2598 2022 2609 2326 2613 2632 2617 3094 2631" 
                    HPOS="1744"
                    VPOS="2437"
                    WIDTH="1346"
                    HEIGHT="236">
            <Shape><Polygon POINTS="2382 2449 2325 2449 2279 2443 2170 2454 2014 2472 1991 2449 1980 2437 1922 2437 1911 2443 1859 2466 1755 2437 1749 2587 1744 2621 2031 2667 2037 2673 3085 2673 3090 2627 3090 2489 3044 2454 3039 2454 3033 2454 3027 2454 2768 2483 2728 2489 2711 2483 2653 2460 2647 2460 2642 2460 2555 2477 2503 2483 2469 2472 2411 2449 2382 2449"/></Shape>
	    <String CONTENT="Ie le puis bien penſer."
                    HPOS="1744"
                    VPOS="2437"
                    WIDTH="1346"
                    HEIGHT="236"></String>
          </TextLine>
          <TextLine ID="eSc_line_6c855a05"
                    TAGREFS="LT190"
                    BASELINE="253 2760 515 2727 1267 2755 1609 2760 1831 2761" 
                    HPOS="241"
                    VPOS="2552"
                    WIDTH="1589"
                    HEIGHT="247">
            <Shape><Polygon POINTS="247 2759 241 2799 1824 2799 1830 2759 1824 2610 1594 2587 1588 2587 1582 2587 1554 2598 1508 2621 1410 2592 1358 2581 1352 2581 1346 2581 1341 2581 1335 2581 1323 2592 1289 2615 874 2615 811 2575 782 2558 777 2558 771 2558 765 2558 644 2575 495 2592 425 2569 391 2552 385 2552 379 2552 247 2558 247 2759"/></Shape>
	    <String CONTENT="Que faites-vous donc là ?"
                    HPOS="241"
                    VPOS="2552"
                    WIDTH="1589"
                    HEIGHT="247"></String>
          </TextLine>
          <TextLine ID="eSc_line_7e3db8e5"
                    TAGREFS="LT190"
                    BASELINE="1498 2922 2236 2939" 
                    HPOS="1490"
                    VPOS="2759"
                    WIDTH="743"
                    HEIGHT="207">
            <Shape><Polygon POINTS="1496 2920 1490 2949 2221 2966 2233 2937 2227 2759 1496 2765 1496 2920"/></Shape>
	    <String CONTENT="AGNES."
                    HPOS="1490"
                    VPOS="2759"
                    WIDTH="743"
                    HEIGHT="207"></String>
          </TextLine>
          <TextLine ID="eSc_line_07b214f3"
                    TAGREFS="LT190"
                    BASELINE="1630 3089 1751 3093 1979 3098 2245 3107 2483 3106 3202 3146" 
                    HPOS="1623"
                    VPOS="2926"
                    WIDTH="1577"
                    HEIGHT="259">
            <Shape><Polygon POINTS="2152 2937 2095 2937 2037 2937 1675 2937 1663 2926 1640 2926 1628 3087 1623 3116 2584 3162 2590 3162 2595 3162 2676 3144 2699 3139 2774 3144 3148 3185 3154 3185 3160 3185 3165 3185 3194 3156 3200 3144 3200 3006 2613 2949 2607 2949 2544 2960 2498 2972 2440 2955 2377 2937 2371 2937 2210 2937 2152 2937"/></Shape>
	    <String CONTENT="Ie me fais des Cornettes,"
                    HPOS="1623"
                    VPOS="2926"
                    WIDTH="1577"
                    HEIGHT="259"></String>
          </TextLine>
          <TextLine ID="eSc_line_1c40beec"
                    TAGREFS="LT190"
                    BASELINE="245 3228 490 3230 1132 3250 1314 3254 1651 3277 1829 3255 2088 3270 2602 3277 2898 3283 3307 3288" 
                    HPOS="235"
                    VPOS="3052"
                    WIDTH="3068"
                    HEIGHT="265">
            <Shape><Polygon POINTS="3177 3144 3004 3139 2895 3127 2831 3150 2745 3121 2670 3116 2590 3139 2561 3121 2549 3110 2256 3110 2210 3104 2152 3110 1836 3127 1542 3087 1513 3087 1341 3116 1231 3075 1214 3075 1203 3081 1110 3110 1047 3070 1030 3070 846 3104 690 3064 661 3064 402 3093 247 3052 241 3225 235 3265 3292 3317 3303 3282 3303 3144 3177 3133 3177 3144"/></Shape>
	    <String CONTENT="Vos Chemiſes de nuit, &amp; vos Coiffes ſont faites."
                    HPOS="235"
                    VPOS="3052"
                    WIDTH="3068"
                    HEIGHT="265"></String>
          </TextLine>
          <TextLine ID="eSc_line_f63cd80b"
                    TAGREFS="LT190"
                    BASELINE="1231 3418 1325 3418 1491 3426 1651 3423 1835 3427 1979 3428 2121 3431 2305 3437 2479 3434" 
                    HPOS="1220"
                    VPOS="3259"
                    WIDTH="1255"
                    HEIGHT="201">
            <Shape><Polygon POINTS="2089 3271 2060 3265 1997 3265 1974 3265 1945 3259 1882 3259 1859 3259 1801 3259 1744 3265 1686 3271 1628 3271 1571 3271 1513 3265 1456 3259 1433 3259 1226 3265 1226 3415 1220 3443 2463 3460 2475 3432 2469 3288 2118 3271 2089 3271"/></Shape>
	    <String CONTENT="ARNOLPHE."
                    HPOS="1220"
                    VPOS="3259"
                    WIDTH="1255"
                    HEIGHT="201"></String>
          </TextLine>
          <TextLine ID="eSc_line_a4624933"
                    TAGREFS="LT190"
                    BASELINE="240 3556 448 3554 516 3559 891 3573 1124 3578 1323 3578 1633 3587 1703 3610 2136 3615 2657 3610 3236 3644" 
                    HPOS="230"
                    VPOS="3380"
                    WIDTH="3004"
                    HEIGHT="287">
            <Shape><Polygon POINTS="2129 3432 2123 3432 2112 3438 2066 3460 1974 3432 1957 3432 1899 3432 1853 3432 1611 3449 1473 3420 1444 3420 1387 3420 1329 3420 1283 3420 1162 3438 1093 3403 1087 3403 1082 3403 1076 3403 1059 3403 915 3432 817 3397 800 3392 794 3392 788 3392 782 3392 771 3397 673 3426 235 3380 235 3552 230 3587 3223 3667 3234 3639 3229 3478 2538 3432 2532 3432 2423 3449 2308 3466 2216 3443 2175 3432 2129 3432"/></Shape>
	    <String CONTENT="Ha ! voila qui va bien ; allez, montez là-haut,"
                    HPOS="230"
                    VPOS="3380"
                    WIDTH="3004"
                    HEIGHT="287"></String>
          </TextLine>
          <TextLine ID="eSc_line_f69b0e4d"
                    TAGREFS="LT190"
                    BASELINE="238 3722 438 3721 772 3731 1324 3748 1733 3781 1889 3760 2625 3816 3172 3805" 
                    HPOS="230"
                    VPOS="3558"
                    WIDTH="2941"
                    HEIGHT="270">
            <Shape><Polygon POINTS="2382 3610 2267 3633 2239 3639 2227 3633 2198 3610 2193 3610 2152 3610 2118 3627 2083 3644 2049 3621 2031 3610 2020 3610 1962 3610 1905 3610 1893 3610 1841 3616 1721 3627 1628 3604 1531 3581 1525 3581 1519 3581 1513 3581 1462 3598 1404 3616 518 3593 305 3558 293 3558 235 3558 235 3719 230 3754 3160 3828 3171 3800 3171 3673 3108 3639 3102 3639 3096 3639 2854 3662 2803 3662 2722 3656 2388 3610 2382 3610"/></Shape>
	    <String CONTENT="Ne vous ennuyez point, ie reuiendray tantoſt,"
                    HPOS="230"
                    VPOS="3558"
                    WIDTH="2941"
                    HEIGHT="270"></String>
          </TextLine>
          <TextLine ID="eSc_line_3dc29c96"
                    TAGREFS="LT190"
                    BASELINE="231 3883 538 3888 862 3900 1422 3958 2050 3930 2901 3937" 
                    HPOS="224"
                    VPOS="3731"
                    WIDTH="2671"
                    HEIGHT="247">
            <Shape><Polygon POINTS="2872 3811 2814 3811 2757 3811 2699 3811 2642 3811 2584 3811 2526 3805 2469 3805 2411 3800 2158 3800 2135 3777 2123 3777 2072 3777 2049 3800 1887 3800 1818 3771 1813 3765 1778 3777 1721 3777 1663 3777 1605 3771 1588 3765 1392 3788 1231 3754 1191 3748 1185 3748 1156 3754 1024 3782 920 3748 915 3748 909 3748 702 3771 230 3731 230 3880 224 3920 638 3966 644 3966 1099 3943 1387 3978 1392 3978 2889 3972 2895 3932 2883 3811 2872 3811"/></Shape>
	    <String CONTENT="Et ie vous parleray d&#x27;affaires importantes."
                    HPOS="224"
                    VPOS="3731"
                    WIDTH="2671"
                    HEIGHT="247"></String>
          </TextLine>
          <TextLine ID="eSc_line_5cdf6a02"
                    TAGREFS="LT190"
                    BASELINE="1097 4075 1377 4079 1776 4096 2300 4101" 
                    HPOS="1087"
                    VPOS="3926"
                    WIDTH="1209"
                    HEIGHT="213">
            <Shape><Polygon POINTS="1554 3949 1496 3955 1462 3955 1462 3961 1283 3961 1139 3926 1093 3926 1093 4070 1087 4116 2285 4139 2296 4099 2285 3961 1651 3961 1605 3949 1554 3949"/></Shape>
	    <String CONTENT="Tous eſtans rentrez."
                    HPOS="1087"
                    VPOS="3926"
                    WIDTH="1209"
                    HEIGHT="213"></String>
          </TextLine>
          <TextLine ID="eSc_line_3fc8538c"
                    TAGREFS="LT190"
                    BASELINE="230 4216 819 4230 1009 4230 1460 4271 2169 4262 2375 4262 3098 4296" 
                    HPOS="218"
                    VPOS="4041"
                    WIDTH="2878"
                    HEIGHT="288">
            <Shape><Polygon POINTS="1836 4099 1778 4099 1744 4093 1709 4104 1680 4093 1663 4093 1605 4087 1548 4087 1536 4081 1450 4104 1415 4081 1375 4081 1358 4076 1341 4099 1030 4099 955 4058 949 4058 943 4058 938 4058 932 4058 926 4058 817 4087 224 4041 224 4214 218 4242 3085 4329 3096 4294 3096 4122 1882 4122 1859 4099 1836 4099"/></Shape>
	    <String CONTENT="Heroïnes du temps, Meſdames les Sçauantes,"
                    HPOS="218"
                    VPOS="4041"
                    WIDTH="2878"
                    HEIGHT="288"></String>
          </TextLine>
          <TextLine ID="eSc_line_58fe8213"
                    TAGREFS="LT190"
                    BASELINE="227 4373 866 4397 1052 4397 1642 4415 1804 4420 1989 4424 2398 4427 3117 4458" 
                    HPOS="218"
                    VPOS="4219"
                    WIDTH="2896"
                    HEIGHT="259">
            <Shape><Polygon POINTS="1548 4265 1490 4265 1433 4265 1375 4260 1335 4254 1283 4254 1260 4254 1237 4248 374 4219 339 4219 282 4219 224 4219 224 4369 218 4409 3102 4478 3114 4455 3114 4323 1588 4265 1548 4265"/></Shape>
	    <String CONTENT="Pouſſeuſes de tendreſſe &amp; de beaux ſentimens,"
                    HPOS="218"
                    VPOS="4219"
                    WIDTH="2896"
                    HEIGHT="259"></String>
          </TextLine>
          <TextLine ID="eSc_line_1ccfc758"
                    TAGREFS="LT190"
                    BASELINE="223 4534 357 4534 680 4549 781 4553 938 4558 1198 4572 1494 4582 1756 4585 2117 4609 2374 4593 3001 4620" 
                    HPOS="212"
                    VPOS="4375"
                    WIDTH="2786"
                    HEIGHT="276">
            <Shape><Polygon POINTS="218 4530 212 4564 2987 4651 2998 4616 2998 4484 218 4375 218 4530"/></Shape>
	    <String CONTENT="Ie défie à la fois tous vos Vers, vos Romans,"
                    HPOS="212"
                    VPOS="4375"
                    WIDTH="2786"
                    HEIGHT="276"></String>
          </TextLine>
          <TextLine ID="eSc_line_087ffce3"
                    TAGREFS="LT190"
                    BASELINE="222 4705 467 4704 990 4743 1461 4743 1860 4772 2242 4758 2665 4763 3222 4780" 
                    HPOS="212"
                    VPOS="4541"
                    WIDTH="3005"
                    HEIGHT="276">
            <Shape><Polygon POINTS="1559 4582 1462 4587 1306 4599 1220 4576 1197 4576 1139 4570 1099 4564 984 4570 592 4582 552 4553 546 4547 541 4547 535 4547 218 4541 218 4702 212 4737 3206 4817 3217 4777 3217 4651 3171 4622 3165 4622 3160 4622 2676 4610 2670 4610 2665 4610 2659 4610 2624 4633 2613 4639 2595 4633 2521 4605 2515 4605 2509 4605 2308 4622 2198 4628 1870 4605 1565 4582 1559 4582"/></Shape>
	    <String CONTENT="Vos Lettres, Billets doux, toute voſtre Science,"
                    HPOS="212"
                    VPOS="4541"
                    WIDTH="3005"
                    HEIGHT="276"></String>
          </TextLine>
          <TextLine ID="eSc_line_e95fd29a"
                    TAGREFS="LT190"
                    BASELINE="218 4874 410 4871 824 4890 1167 4901 1759 4920 1918 4915 2483 4929 3206 4938" 
                    HPOS="207"
                    VPOS="4714"
                    WIDTH="2993"
                    HEIGHT="305">
            <Shape><Polygon POINTS="2170 4760 2112 4760 2054 4766 1997 4766 1939 4771 1824 4771 1807 4766 1686 4777 1663 4754 1594 4754 1554 4748 1410 4771 1260 4743 1168 4743 1099 4760 1076 4743 1018 4743 995 4737 869 4760 212 4714 212 4869 207 4932 610 4973 621 4973 707 4932 1249 4973 1260 4973 1346 4944 1387 4984 1387 4990 1415 4990 1462 4961 1680 4996 1887 4967 1934 5001 1951 5001 2095 4973 2187 5007 2417 4967 2446 4973 2555 5013 2572 5013 2659 4978 2722 5019 2745 5019 2878 4984 2889 4978 2935 5007 3194 4984 3200 4932 3200 4800 2532 4766 2521 4766 2429 4794 2198 4760 2170 4760"/></Shape>
	    <String CONTENT="De valoir cette honneſte &amp; pudique ignorance."
                    HPOS="207"
                    VPOS="4714"
                    WIDTH="2993"
                    HEIGHT="305"></String>
          </TextLine>
        </TextBlock>
        <TextBlock HPOS="3363.0"
                   VPOS="331.0"
                   WIDTH="239.0"
                   HEIGHT="228.0"
                   ID="eSc_textblock_becd8356"
                   TAGREFS="BT246">
          <Shape><Polygon POINTS="3363 331 3363 559 3602 559 3602 331"/></Shape>
        </TextBlock>
        <TextBlock HPOS="1584.0"
                   VPOS="5255.0"
                   WIDTH="468.0"
                   HEIGHT="285.0"
                   ID="eSc_textblock_ab89fe9a"
                   TAGREFS="BT240">
          <Shape><Polygon POINTS="1584 5255 1584 5540 2052 5540 2052 5255"/></Shape>
        </TextBlock>
      </PrintSpace>
    </Page>
  </Layout>
</alto>
