4058 7006
531 321 128 251 8

1529 507 1343 211 CHRISALDE.

507 659 3025 234 Quel abus, de quitter le vray nom de ſes Peres,

513 834 3340 222 Pour en vouloir prendre vn baſty ſur des chimeres?

519 992 2937 222 De la pluſpart des gens c’eſt la démangeaiſon;

513 1161 2885 211 Et ſans vous embraſſer dans la comparaiſon,

519 1336 3054 222 Ie ſçais vn Païſan, qu’on appelloit gros Pierre,

519 1494 3334 210 Qui n’ayãt, pour tout biẽ, qu'vn ſeul quartier de terre;

537 1652 2837 216 Y fit tout à l’entour faire vn foſſé bourbeux,

531 1821 3147 251 Et de Monſieur de l'Iſle en prit le nom pompeux.

1582 1985 1267 210 ARNOLPHE.

537 2171 3188 205 Vous pourriez vous paſſer d'exemples de la ſorte:

537 2323 3100 222 Mais enfin de la Souche eſt le nom que ie porte;

554 2498 2704 210 I’y vois de la raiſon, i'y trouue des appas,

554 2656 2978 233 Et m'appeller de l’autre, eſt ne m’obliger pas.

566 2971 3135 234 Cependant la pluſpart ont peine à s'y ſoûmettre,

1558 2831 1326 216 CHRISALDE.

548 3152 3060 245 Et ie voy meſme encor des adreſſes de Lettre...

548 3462 2966 245 Ie le ſouffre aiſément de qui n’eſt pas inſtruit;

1617 3339 1255 193 ARNOLPHE.

566 3660 858 222 Mais vous....

1039 3981 2884 210 Soit. Là-deſſus nous n'aurons point de bruit,

1594 3800 1348 240 CHRISALDE.

578 4156 3153 216 Et ie prendray le ſoin d'accouſtumer ma bouche

583 4326 3340 262 A ne plus vous nommer que Monſieur de la Souche.

595 4641 2949 257 Adieu: Ie frape icy, pour donner le bon jour,

1634 4518 1273 193 ARNOLPHE.

595 4822 2540 228 Et dire ſeulement, que ie ſuis de retour.

1220 4997 2096 204 CHRISALDE s'en allant.

601 5161 2919 210 Ma foy ie le tiens fou de toutes les manieres.

618 5488 2663 216 Il eſt vn peu bleſſé ſur certaines matieres.

1658 5336 1261 210 ARNOLPHE.

630 5663 2884 227 Choſe étrange de voir, comme auec paſſion,

624 5832 2470 292 Vn chacun eſt chauſſé de ſon opinion!

636 5990 391 327 Hola.

957 340 2394 208 L'ESCOLE DES FEMMES,
