4058 7091
1354 496 1739 230 ARNOLPHE à part,

1804 679 834 183 Ah! ie creue.

1650 780 2242 265 HORACE, Pour l'Homme,

561 975 3343 260 C’eſt, ie croy, de la Zouſſe, ou Souche, qu'on le nõme,

561 1164 2580 242 Ie ne me ſuis pas fort arreſté ſur le nom;

567 1305 3349 272 Riche, à ce qu’on m'a dit, mais des plus ſenſez, non,

561 1495 2739 242 Et l'on m'en a parlé comme d'vn Ridicule.

573 1666 1710 260 Le connoiſſez-vous point?

1342 1814 1757 242 ARNOLPHE à part.

2324 1973 1219 272 La fâcheuſe pilule!

1774 2180 1006 213 HORACE.

579 2351 1515 249 Eh! vous ne dites mot.

1632 2499 1254 225 ARNOLPHE.

2159 2653 1378 242 Eh oüy, ie le connoy.

1768 2854 1012 218 HORACE.

627 3019 1614 266 C’eſt vn fou, n’eſt-ce pas?

1650 3161 1295 242 ARNOLPHE.

1928 3374 361 206 Eh....

1768 3521 1000 225 HORACE.

2123 3634 1627 313 Qu'en dites-vous? quoy?

609 3846 2638 249 Eh? c’eſt à dire oüy. Ialoux? à faire rire.

615 4006 3023 272 Sot? ie voy qu'il en eſt ce que l'on m'a pû dire.

615 4195 2739 242 Enfin l'aimable Agnés a ſceu m’aſſujettir,

632 4360 3076 243 C'eſt vn joly bijou, pour ne vous point mentir,

615 4526 2614 248 Et ce ſeroit peché, qu’vne Beauté ſi rare

627 4721 2945 230 Fut laiſſée au pouuoir de cet Homme bizarre.

627 4845 3371 260 Pour moy, tous mes efforts, to9 mes vœux les pl9 doux,

632 5052 3065 224 Vont à m'en rendre maiſtre, en dépit du jaloux;

638 5205 3242 243 Et l'argent que de vous i'emprunte auec franchiſe,

638 5371 3266 242 N'eſt que pour mettre à bout cette juſte entrepriſe.

650 5542 3384 231 Vo9 ſçauez mieux que moi quelsque ſoiẽt nos efforts,

656 5708 3236 236 Que l'argent eſt la clef de tous les grands reſſorts,

662 5885 2916 236 Et que ce doux metal qui frape tant de teſtes,

662 6050 3372 320 En amour, comme en guerre, auance les conqueſtes.

514 313 225 354 18

946 265 2473 284 L’ESCOLE DES FEMMES,
