4058 6850
1205 251 1401 222 COMEDIE.

3423 339 116 246 5

234 456 2920 211 Et s’il faut qu’auec elle on jouë au Corbillon,

234 593 3275 251 Et qu’on vienne à luy dire, à ſon tour, qu’y met-on?

245 753 2858 228 Ie veux qu'elle réponde, vne tarte à la creme;

240 919 3114 222 En vn mot, qu’elle ſoit d'vne ignorance extréme;

234 1078 2829 240 Et c'eſt aſſez pour elle, à vous en bien parler,

234 1250 3109 245 De ſçauoir prier Dieu, m'aimer, coudre, & filer.

1245 1472 1315 217 CHRISALDE.

234 1741 2869 188 Vne Femme ſtupide eſt donc voſtre Marotte?

1274 1912 1212 194 ARNOLPHE.

240 2055 3040 216 Tant, que i'aimerois mieux vne laide, bien ſotte,

234 2226 3143 228 Qn'vne Femme fort belle, auec beaucoup d’eſprit.

1240 2397 1303 217 CHRISALDE.

245 2534 1423 217 L’eſprit, & la beauté...

1257 2711 1212 223 ARNOLPHE.

1800 2882 1240 240 L'honneſteté ſuffit.

1217 3065 1286 183 CHRISALDE.

228 3208 3264 222 Mais comment voulez-vous, apres tout, qu’vne beſte

234 3373 3246 217 Puiſſe iamais ſçauoir ce que c'eſt qu’eſtre honneſte?

228 3550 2692 217 Outre qu'il eſt aſſez ennuyeux, que ie croy,

222 3704 2447 217 D'auoir toute ſa vie vne beſte auec ſoy,

222 3864 3264 246 Penſez-vous le bien prendre, & que ſur voſtre idée

228 4030 2869 239 La ſeureté d’vn front puiſſe eſtre bien fondée?

222 4195 2698 228 Vne Femme d’eſprit peut trahir ſon deuoir;

234 4344 3120 245 Mais il faut, pour le moins, qu’elle oſe le vouloir;

228 4498 2898 245 Et la ſtupide au ſien peut manquer d'ordinaire,

228 4669 2761 245 Sans en auoir l’enuie, & ſans penſer le faire.

1240 4874 1223 183 ARNOLPHE.

222 5000 2584 263 A ce bel argument, à ce diſcours profond,

228 5160 2343 240 Ce que Pantagruel à Panurge répond.

222 5320 3235 279 Preſſez-moy de me joindre à Fẽme autre que ſotte;

217 5485 2692 263 Preſchez, patrocinez juſqu’à la Pentecoſte,

217 5645 2783 268 Vous ſerez ébahy, quand vous ſerez au bout,

222 5805 2664 314 Que vous ne m’aurez rien perſuadé du tout.

2629 6033 451 234 A iij
