4058 7031
1659 181 1542 223 PREFACE.

803 392 3237 287 monde, & qui me fait l’hõneur de m’aymer,

791 574 3237 269 trouva le projet aſſez à ſon gré, non ſeule¬

797 802 3249 246 ment pour me ſolliciter d’y mettre la main,

797 996 3237 240 mais encore pour l’y mettre luy-meſme, &

791 1195 3255 252 ie fus eſtonné que deux iours aprés il me

785 1394 3261 264 monſtra toute l’affaire executée, d’vne ma¬

785 1605 3255 281 niere, à la vérité, beaucoup plus Galante, &

779 1810 3255 287 plus Spirituelle, que ie ne puis faire, mais

791 2021 3243 264 où ie trouuay des choſes trop aduantageuſes

779 2220 3267 305 pour moy, & i’eus peur, que ſi ie produiſois

774 2419 3248 270 cét Ouurage ſur noſtre Theatre, on ne m’ac¬

768 2619 3266 322 cuſaſt d’abord d’avoir mendié les loüanges,

762 2829 3266 264 qu’on m'y donnoit. Cependant cela m'em¬

768 3035 3272 293 peſcha, par quelque conſideration, d’ache¬

774 3251 3260 252 uer ce que i'auois commencé; mais tant de

785 3462 3237 282 gens me preſſent tous les jours de le faire,

768 3661 3254 293 que ie ne ſçay ce qui en ſera, & cette incer¬

762 3872 3266 264 titude eſt cauſe, que ie ne mets point dans

768 4077 3243 264 cette Preface, ce qu’on verra dãs la Critique,

768 4277 3237 269 en cas que ie me reſolue à la faire paroiſtre.

756 4488 3255 269 S’il faut que cela ſoit, ie le dis encore, ce ſe¬

756 4687 3266 275 ra ſeulement pour vanger le public du cha¬

756 4898 3260 293 grin delicat de certaines gens; car pour moy

756 5091 3249 287 ie m’en tiens aſſez vangé par la Reuſſite de

750 5314 3243 222 ma Comedie, & ie ſouhaite que toutes cel¬

756 5507 3260 258 les, que ie pourray faire, ſoient traittées

744 5706 3290 317 par eux, comme celle-cy, pourueu que le

756 5923 1630 387 reſte ſuiue de meſme.
