4058 6866
1207 343 1048 194 COMEDIE.

3319 400 189 177 27

85 503 3412 240 Mais il me ſemble, Agnés, ſi ma memoire eſt bonne,

80 629 3073 269 Que i'auois defendu que vous viſſiez perſonne.

1373 829 756 195 AGNES.

85 966 3423 264 Oüy: mais quand ie l'ay veu, vous ignorez pourquoy,

74 1127 3268 269 Et vous en auriez fait, ſans doute, autant que moy.

1167 1315 1191 224 ARNOLPHE.

85 1447 3314 292 Peut-eſtre: mais enfin, contez-moy cette Hiſtoire.

1373 1665 767 200 AGNES.

80 1756 2770 303 Elle eſt fort eſtonnante & difficile à croire.

85 1939 2742 275 I’eſtois ſur le Balcon à trauailler au frais:

74 2111 2913 292 Lors que ie vis paſſer ſous les arbres d'auprés

80 2282 3417 315 Vn ieune homme bien fait, qui rẽcontrant ma veuë,

74 2443 2885 286 D’vne humble reuerence auſſi-toſt me ſaluë,

85 2603 2753 303 Moy, pour ne point manquera la ciuilité,

80 2775 2466 257 Ie fis la reuerence auſſi de mon coſté.

85 2940 2793 275 Soudain, il me refait vne autre reuerence.

80 3106 3274 315 Moy, i'en refais de meſme vne autre en diligence;

74 3272 2810 292 Et luy d’vne troiſieſme auſſi-toſt repartant,

80 3450 2861 263 D’vne troiſieſme auſſi i’y repars à l’inſtant.

80 3604 3022 281 Il paſſe, vient, repaſſe, & touſiours de plus belle

85 3776 2788 263 Me fait à chaque fois reuerence nouuelle.

80 3942 3096 303 Et moy, qui tous ces tours fixement regardois.

80 4119 2547 258 Nouuelle reuerence auſſi ie luy rendois.

74 4274 2907 286 Tant, que ſi ſur ce point la nuit ne fut venuë,

74 4440 2787 268 Toûjours comme cela ie me ſerois tenuë.

80 4605 2896 304 Ne voulant point ceder & receuoir l’ennuy,

80 4794 2861 258 Qu'il me puſt eſtimer moins ciuile que luy.

1121 4977 1231 229 ARNOLPHE.

74 5080 618 235 Fort bien.

1419 5286 750 241 AGNES.

812 5435 2438 280 Le lendemain eſtant ſur noſtre porte,

85 5590 2896 280 Vne vieille m’aborde en parlant de la ſorte.

85 5761 3085 286 Mon enfant, le bon-Dieu puiſſe-t'il vous benir,

85 5979 3394 251 Et dans tous vos attraits long-tẽps vous maintenir.

2518 6162 320 292 B ij
