4058 6866
171 503 2599 223 L'vne de ſon Galant, en adroite Femelle,

177 663 2776 252 Fait fauſſe confidence à ſon Eſpoux fidelle,

177 829 2490 235 Qui dort en ſeureté ſur vn pareil appas,

171 984 3188 263 Et le plaint, ce Galant, des ſoins qu il ne perd pas.

171 1161 2736 240 L'autre, pour ſe purger de ſa magnificence,

177 1327 3108 246 Dit qu'elle gagne au jeu l'argent qu'elle depenſe;

171 1476 2616 263 Et le Mary beneſt, ſans ſonger à quel jeu,

177 1642 3079 257 Sur les gains qu'elle fait, rend des graces à Dieu,

177 1808 2661 268 Enfin ce ſont par tout des ſujets de Satyre,

171 1962 2839 275 Et comme Spectateur, ne puis-je pas en rire?

177 2134 1625 234 Puis-je pas de nos Sots....

1144 2328 1340 218 CHRISALDE.

1333 2494 1769 252 Oüy: mais qui rit d’autruy,

171 2614 3131 286 Doit craindre, qu’en reuanche, on rie auſſi de luy.

165 2786 3085 263 I'entens parler le monde, & des gens ſe délaſſent

171 2986 2467 223 A venir debiter les choſes qui ſe paſſent:

165 3112 3251 286 Mais quoy que l’on diuulgue aux endroits ou ie ſuis,

160 3278 2884 257 Iamais on ne m’a veu triompher de ces bruits;

165 3450 3023 257 I’y ſuis aſſez modeſte; & bien qu’aux occurences

143 3610 2604 269 Ie puiſſe condamner certaines tolerances;

143 3770 2936 263 Que mon deſſein ne ſoit de ſouffrir nullement,

154 3947 2919 252 Ce que d'aucuns Maris ſouffrent paiſiblement,

143 4108 2575 257 Pourtant ie n’ay iamais affecté de le dire;

143 4268 2879 286 Car enfin il faut craindre vn reuers de Satyre,

131 4422 2684 292 Et l'on ne doit iamais jurer, ſur de tels cas,

131 4588 2879 286 De ce qu’on pourra faire, ou bien ne faire pas.

137 4754 3228 303 Ainſi quand à mon front, par vn ſort qui tout meine,

125 4914 2639 275 Il ſeroit arriué quelque diſgrace humaine;

125 5080 2690 275 Apres mon procedé, ie ſuis preſque certain

120 5252 2730 269 Qu'on ſe contentera de s’en rire ſous-main;

120 5412 2741 269 Et peut-eſtre qu’encor i’auray cet auautage,

114 5561 3234 315 Que quelques bonnes gens diront, que c’eſt dõmage!

125 5727 3068 292 Mais de vous, cher Compere, il en eſt autrement;

125 5899 2834 297 Ie vous le dis encor, vous riſquez diablement.

2546 6156 384 303 A ij

3325 354 149 281 3

1138 331 1437 224 COMEDIE.
