4144 7057
570 394 230 211 24

1053 246 2431 318 L’ESCOLE DES FEMMES,

3372 6092 754 335 SCENE

594 519 2437 251 Afin de conceuoir la choſe dauantage.

594 605 3302 324 Dis-moy, n'eſt-il pas vray, quãd tu tiens ton potage,

618 776 2949 317 Que ſi quelque affamé venoit pour en manger,

606 958 2766 306 Tu ſerois en colere, & voudrois le charger?

1577 1111 1419 265 GEORGETTE.

623 1317 1501 306 Oüy, ie comprens cela.

1930 1464 760 223 ALAIN.

1936 1587 1843 265 C’eſt juſtement tout comme.

635 1781 2991 300 La Femme eſt en effet le potage de l'Homme;

647 1934 3308 312 Et quand vn Homme voit d'autres Hõmes par fois,

653 2111 3320 300 Qui veulent dans ſa ſoupe aller tremper leurs doigts,

665 2281 2796 294 Il en montre auſſi-toſt vne colere extréme.

1630 2458 1430 241 GEORGETTE.

688 2599 3302 335 Oüy: mais pourquoy chacun n'ẽ fait-il pas de méme?

688 2787 2885 294 Et que nous en voyons qui paroiſſent joyeux,

694 2946 3308 317 Lors que leurs Femmes ſont auec les biaux Monſieux?

1971 3134 748 241 ALAIN.

712 3269 2937 324 C’eſt que chacun n’a pas cette amitié gouluë,

706 3487 1789 294 Qui n'en veut que pour ſoy.

1654 3622 1465 271 GEORGETTE.

2401 3781 1266 241 Si ie n’ay la berluë,

735 3993 1389 305 Ie le voy qui reuient.

2042 4122 742 259 ALAIN.

1907 4269 1901 271 Tes yeux ſont bons, c’eſt luy.

1707 4487 1430 252 GEORGETTE.

771 4675 1724 311 Voy comme il eſt chagrin.

2072 4828 753 258 ALAIN.

2260 4934 1536 341 C’eſt qu’il a de l’ennuy.
