4038 6834
1514 273 1584 275 EPISTRE.

717 575 3190 313 ALTESSE ROYALE, ſur le

706 814 3178 347 titre de L’ECOLE DES FEMMES,

723 1099 3189 381 & l'offre qu'il vous en feroit. Mais

689 1383 3212 405 pour moy, MADAME, ie vous

717 1662 3190 359 auoüe mon foible. Ie ne ſçay point

711 1998 3196 285 cét art de trouuer des rapports entre

706 2238 3206 376 des choſes ſi peu proportionnées; &

700 2528 3218 422 quelques belles lumieres, que mes

717 2830 3195 285 Confreres les Autheurs me donnent

706 3120 3206 342 tous les iours ſur de pareils ſujets, ie

700 3411 3212 376 ne voy point ce que VOSTRE

694 3684 3235 319 ALTESSE ROYALE pourroit

700 3946 3218 359 auoir à démeſler auec la Comedie

683 4248 3229 444 que ie luy preſente. On n'eſt pas en

666 4527 3263 427 peine, ſans doute, comment il faut

649 4835 3269 370 faire pour vous loüer. La matiere,

694 5114 3218 375 MADAME, ne ſaute que trop aux

694 5398 3230 416 yeux, & de quelque coſté qu’on

694 5717 3224 524 vous regarde, on rencontre Gloire
