4058 6834
1658 153 1499 308 EPISTRE.

792 432 3186 433 pour qui ie ſuis, & dont ie ſens fort

815 683 3151 444 bien que ie ne me pourray taire

792 1008 3163 370 quelque iour. Mais encore vne fois,

780 1269 3181 445 MADAME, ie ne ſçay point le biais

769 1526 3163 478 de faire entrer icy des veritez ſi

758 1776 3163 479 éclatantes, & ce ſont choſes, à mon

735 2090 3163 478 aduis, & d’vne trop vaſte eſtendüe,

729 2397 3169 433 & d’vn merite trop releué, pour les

706 2665 3175 455 vouloir renfermer dans vne Epiſtre,

712 2950 3157 455 & les meſler auec des bagatelles.

672 3234 3186 473 Tout bien conſideré, MADAME,

672 3542 3175 438 Ie ne voy rien à faire icy pour moy,

661 3838 3186 399 que de vous Dédier ſimplement ma

661 4094 3186 450 Comedie, & de vous aſſeurer auec

638 4402 3180 433 tout le reſpect, qu'il m'eſt poßible, que

621 4698 3186 433 ie ſuis de VOSTRE ALTESSE

609 4948 1180 388 ROYALE,

592 5336 1117 336 MADAME,

866 5598 2895 484 Le tres-humble, tres-obeiſſant, & tres-

1168 5939 2570 388 obligé ſeruiteur I.B. MOLIERE.
