3796 5785
318 882 2706 318 ADVERTISSEMENT.

988 1258 2166 323 E ſujet de ceſte Tragedie eſt ſi con¬

993 1465 2166 294 nu, qu'il n'auoit pas beſoin d’argu¬

988 1653 2171 260 ments. Quiconque a leu Ioſephe, Zo¬

993 1836 2180 270 nare , Egeſipe, & nouuellement le

988 2039 2195 226 Politique mal-heureux, exprimé

197 2212 2976 241 d’vn ſtile magnifique, par le Reuerend Pere Cauſ¬

183 2371 2990 290 ſin; ſçait aſſeZ quelles ont eſté les violences d'He¬

207 2569 2971 270 rode, qui furent fatales aux Innocens, & parti¬

212 2752 2976 227 culierement à cette Illuſtre Mariane, dont il auoit

221 2902 2957 274 vſurpé le lict & la liberté, auec la Couronne de

226 3085 2947 260 Iudée. Ie me fuis efforcé de dépeindre au vif lhu¬

226 3273 2952 222 meur de ce Prince ſanguinaire, à qui la Nature

236 3466 2942 217 auoit fait aſſeZ de graces pour le rendre vn des

226 3610 2957 285 plus grands hommes de ſon ſiecle, s'il neuſt em¬

231 3803 2952 256 ployé ces merueilleux auantages contre ſa propre

245 3982 2943 241 reputation, en corrompant des biens ſi purs par le

255 4141 2938 217 débordement d’vne cruauté ſans exemple, & des

260 4343 2933 207 autres vices qu'on a remarquez en ſa vie. Voy

260 4493 2937 265 ceſte peinture en ſon iour, & n'y cherche pas des

236 4656 2966 285 finiſſemens qui pourroient affoiblir en quelque ſorte

274 4854 2943 231 la hardieſſe du deſſein: Ie ne me ſuis pas proposé

274 5032 2938 246 de remplir cét ouurage d’imitations Italiennes, &

2566 5228 279 190 ẽ iij

279 2063 589 120 L
