3796 5918
518 379 2996 222 de pointes recherchées; i'ay ſeulement voulu deſcri¬

518 527 3006 257 re auec vn peu de bien-ſeance, les diuers ſentimens

523 724 3006 217 d’vn Tyran courageux & ſpirituel, les artifices

523 892 3006 242 d'vne femme enuieuſe & vindicatiue, & la con¬

493 1070 3041 241 ſtance d'vne Reine dont la vertu meritoit vn plus

483 1237 3046 291 fauorable deſtin: E i'ay dépeint tout cela de la ma¬

518 1420 3011 281 niere que i'ay creu pouuoir mieux reüßir dans la per¬

493 1597 3046 277 ſpectiue du Theatre; ſans m'attacher mal à pro¬

508 1775 3026 276 pos à des fineſſes trop eſtudiées; Et qui font pa¬

523 1982 3016 227 roiſtre vne trop grande affectation, en vn temps

518 2150 3021 261 où l'on fait plus d'eſtat des beautez, qui ſont natu¬

528 2332 2172 340 relles, que de celles qui ſont fardées.
