3796 5847
1296 224 1622 195 LA MARIANE,

545 458 2758 175 Et ſi dés ce temps-là mon bras par mille exploits

545 570 2768 253 Domptoit les Nations, & ſoumettoit les Roys.

735 755 2788 234 Que i'ay fait de combats, & gaigné de batailles,

536 920 2928 278 Que i'ay ſurpris de Forts, & forcé de murailles,

550 1115 2802 234 Dans vn champ ſpacieux, quand le fruit de Cerés

550 1300 2417 239 De ſes tuyaux doreZ enrichiſt les guerés,

560 1471 2490 234 On ne voit gueres plus de iauelles preſſées,

555 1661 2631 229 Que i'ay veu contre moy de picques heriſſées,

550 1832 2768 219 Qui voloient en eſclats par tout où ie donnois,

560 1997 2851 219 Dans la brulante ardeur dont ie les moiſſonnois.

1530 2343 1135 219 PHERORE.

555 2704 2627 253 Vos belles actions ſe treuuent ſans pareilles,

540 2899 2983 248 Iules, quoy que l'on die, auec plus de merueilles,

550 3094 2773 204 Et par moins de combats & de trauaux diuers,

531 3254 2509 229 S'eſtoit fait appeller Maiſtre de l'Vniuers.

531 3430 2685 234 Vous aueZ ſurmonté mille faſcheux obſtacles,

531 3600 2485 268 Et toute voſtre vie eſt pleine de miracles.

1608 3922 1013 253 HERODE.

531 4302 2621 219 Dans ma condition, ie ſerois trop heureux,

526 4492 2680 200 Si ie n'eſtois preßé d’vn tourment amoureux;

526 4653 2816 248 D’vn feu continuel, d'vne ardeur ſans meſure,

526 4843 2782 239 Qui tient inceſſamment mon ame à la torture:

536 5018 2207 234 Ou ſi ie pouuois vaincre vne ſeuerité

526 5184 2436 331 Qui s'oppoſe au courant de ma proſperité.

526 287 209 161 14
