3796 5814
96 426 2420 228 Bref voyant qu'il oſoit ainſi s'émanciper,

96 600 2357 233 A la fin i'ay leué le bras pour le fraper:

92 770 2787 252 Mais penſant de la main repouſſer cét outrage,

87 954 2656 223 Ie n'ay trouué que l'air au lieu de ſon viſage:

82 1128 2506 223 Ainſi de violence, & d'horreur trauaillé,

77 1298 2434 233 Auec vn cry fort haut ie me ſuis eſueillé.

77 1482 2967 257 Voila quel eſt mon ſonge: & bien que vous en ſem¬

242 1656 233 214 ble,

67 1831 1334 232 Salome, qu'en dis-tu?

1047 2199 979 218 SALOME.

1168 2553 1832 286 Moy? Ie dis que i'en tremble:

935 2873 1149 271 PHERORE.

33 3255 2206 291 Ie ne celeray pas que i'en ſuis effrayé.

988 3599 989 247 SALOME.

24 3953 2783 291 C'eſt quelque auis du Ciel qui vous eſt enuoyé.

1008 4316 1028 247 HERODE.

4 4626 2133 296 L'auis à déchifrer eſt ſi fort difficile,

14 4835 2725 291 Qu'il n'euſt pû m'obliger d'vn ſoin plus inutile.

1027 222 1329 228 TRAGEDIE.

2937 285 122 228 11

2205 5213 277 257 B ij
