3796 5822
970 223 1287 223 TRAGEDIE.

2927 266 121 224 5

1097 523 1014 214 HERODE.

92 732 2738 291 Quand tu nous fus rauy par vn deſtin contraire,

63 955 2592 233 Mon genereux aiſné, braue & fidelle frere,

67 1140 2622 228 I'appris ton accident par vn meſme rapport:

63 1295 2611 267 Ie fus par meſme voye aduerty de ta mort:

53 1474 2825 248 I’eus aux bords du Iourdain des viſions cruelles

58 1659 2684 257 Qui preuinrent le bruit de ces triſtes nouuelles.

941 1994 1170 232 PHERORE.

38 2362 2529 277 Pour moy i'ay mille fois des ſonges obſerué,

43 2547 2587 257 Sans que de leur preſage il ſoit rien arriué;

53 2736 2796 233 Et ſelon qu'vn Rabin me fit vn iour entendre;

48 2911 2947 242 C'eſt les prendre fort bien, que de n'en rien attendre.

941 3240 1029 253 HERODE.

43 3599 2558 282 Quelles fortes raiſons apportoit ce Docteur,

33 3808 2957 247 Qui ſouſtient que le ſonge eſt touſiours vn menteur?

922 4070 1136 262 PHERORE.

29 4303 2854 296 Il diſoit que l’humeur qui dans nos corps domine,

29 4497 2815 262 A voir certains obiects, en dormant nous encline:

29 4681 2830 282 Le flegme humide & froid, s'eſleuant au cerueau,

29 4846 2733 267 Y vient repreſenter des broüillars & de l'eau:

29 5040 2747 248 La bile ardente & jaune, aux qualitez ſubtiles,

38 5200 2932 292 N'y dépeint que combats, qu'embrazmens de villes:

2208 5482 316 184 A iij
