<?xml version="1.0" encoding="UTF-8"?>
<alto xmlns:xsi="http://www.w3.org/2001/XMLSchema-instance"
      xmlns="http://www.loc.gov/standards/alto/ns-v4#"
      xsi:schemaLocation="http://www.loc.gov/standards/alto/ns-v4# http://www.loc.gov/standards/alto/v4/alto-4-2.xsd">
  <Description>
    <MeasurementUnit>pixel</MeasurementUnit>
    <sourceImageInformation>
      <fileName>Lhermite1639_Mariane_bpt6k1511072f_corrected_0026.png</fileName>
    </sourceImageInformation>
  </Description>
  <Tags>
    <OtherTag ID="BT7" LABEL="CustomZone" DESCRIPTION="block type CustomZone"/><OtherTag ID="BT8" LABEL="DamageZone" DESCRIPTION="block type DamageZone"/><OtherTag ID="BT9" LABEL="DigitizationArtefactZone" DESCRIPTION="block type DigitizationArtefactZone"/><OtherTag ID="BT10" LABEL="DropCapitalZone" DESCRIPTION="block type DropCapitalZone"/><OtherTag ID="BT11" LABEL="GraphicZone" DESCRIPTION="block type GraphicZone"/><OtherTag ID="BT12" LABEL="MainZone" DESCRIPTION="block type MainZone"/><OtherTag ID="BT13" LABEL="MarginTextZone" DESCRIPTION="block type MarginTextZone"/><OtherTag ID="BT14" LABEL="MusicZone" DESCRIPTION="block type MusicZone"/><OtherTag ID="BT15" LABEL="NumberingZone" DESCRIPTION="block type NumberingZone"/><OtherTag ID="BT17" LABEL="QuireMarksZone" DESCRIPTION="block type QuireMarksZone"/><OtherTag ID="BT18" LABEL="RunningTitleZone" DESCRIPTION="block type RunningTitleZone"/><OtherTag ID="BT19" LABEL="SealZone" DESCRIPTION="block type SealZone"/><OtherTag ID="BT20" LABEL="StampZone" DESCRIPTION="block type StampZone"/><OtherTag ID="BT21" LABEL="TableZone" DESCRIPTION="block type TableZone"/><OtherTag ID="BT22" LABEL="TitlePageZone" DESCRIPTION="block type TitlePageZone"/><OtherTag ID="BT230" LABEL="Main" DESCRIPTION="block type Main"/><OtherTag ID="BT231" LABEL="Signatures" DESCRIPTION="block type Signatures"/><OtherTag ID="BT232" LABEL="Decoration" DESCRIPTION="block type Decoration"/><OtherTag ID="BT233" LABEL="DropCapital" DESCRIPTION="block type DropCapital"/><OtherTag ID="BT234" LABEL="Damage" DESCRIPTION="block type Damage"/><OtherTag ID="BT235" LABEL="Numbering" DESCRIPTION="block type Numbering"/><OtherTag ID="BT236" LABEL="Margin" DESCRIPTION="block type Margin"/><OtherTag ID="BT237" LABEL="RunningTitle" DESCRIPTION="block type RunningTitle"/><OtherTag ID="BT238" LABEL="Stamp" DESCRIPTION="block type Stamp"/>
    <OtherTag ID="LT7" LABEL="CustomLine" DESCRIPTION="line type CustomLine"/><OtherTag ID="LT8" LABEL="DefaultLine" DESCRIPTION="line type DefaultLine"/><OtherTag ID="LT9" LABEL="DropCapitalLine" DESCRIPTION="line type DropCapitalLine"/><OtherTag ID="LT10" LABEL="HeadingLine" DESCRIPTION="line type HeadingLine"/><OtherTag ID="LT11" LABEL="InterlinearLine" DESCRIPTION="line type InterlinearLine"/><OtherTag ID="LT12" LABEL="MusicLine" DESCRIPTION="line type MusicLine"/><OtherTag ID="LT188" LABEL="Default" DESCRIPTION="line type Default"/><OtherTag ID="LT189" LABEL="Rubric" DESCRIPTION="line type Rubric"/>
  </Tags>
  <Layout>
    <Page WIDTH="3796"
          HEIGHT="5906"
          PHYSICAL_IMG_NR="21"
          ID="eSc_dummypage_">
      <PrintSpace HPOS="0"
                  VPOS="0"
                  WIDTH="3796"
                  HEIGHT="5906">
        <TextBlock HPOS="469.0"
                   VPOS="256.0"
                   WIDTH="192.0"
                   HEIGHT="160.0"
                   ID="eSc_textblock_ca3db59d"
                   TAGREFS="BT235">
          <Shape><Polygon POINTS="469 277 469 405 650 416 661 256"/></Shape>
          <TextLine ID="tl_1"
                    TAGREFS="LT188"
                    BASELINE="486 394 541 394 693 387" 
                    HPOS="472"
                    VPOS="246"
                    WIDTH="217"
                    HEIGHT="187">
            <Shape><Polygon POINTS="620 260 571 265 521 270 477 270 472 275 482 393 482 433 689 433 689 383 679 260 620 246 620 260"/></Shape>
	    <String CONTENT="18"
                    HPOS="472"
                    VPOS="246"
                    WIDTH="217"
                    HEIGHT="187"></String>
          </TextLine>
        </TextBlock>
        <TextBlock HPOS="437.0"
                   VPOS="448.0"
                   WIDTH="3114.0"
                   HEIGHT="5043.0"
                   ID="eSc_textblock_d00cadbc"
                   TAGREFS="BT230">
          <Shape><Polygon POINTS="437 448 437 5491 3551 5491 3551 448"/></Shape>
          <TextLine ID="tl_2"
                    TAGREFS="LT188"
                    BASELINE="471 578 665 565 1080 550 1610 541 1691 557 1892 538 2150 537 2460 533 2999 550" 
                    HPOS="462"
                    VPOS="421"
                    WIDTH="2536"
                    HEIGHT="194">
            <Shape><Polygon POINTS="2195 452 2171 457 2136 452 1964 452 1959 457 1910 452 1683 452 1669 462 1649 452 1093 452 1058 467 933 421 743 452 694 457 679 452 576 452 462 477 467 575 472 615 536 580 950 615 1033 585 1225 610 1270 610 1432 570 1575 570 1609 600 1629 600 1698 570 1733 600 1733 605 1767 605 1939 565 2579 595 2579 590 2619 561 2850 561 2988 590 2998 546 2993 452 2968 452"/></Shape>
	    <String CONTENT="Vn eſcueil agreable, où l&#x27;on voit eſclater,"
                    HPOS="462"
                    VPOS="421"
                    WIDTH="2536"
                    HEIGHT="194"></String>
          </TextLine>
          <TextLine ID="tl_3"
                    TAGREFS="LT188"
                    BASELINE="475 752 782 743 936 738 1196 727 1372 727 1588 730 1892 720 2016 716 2288 717 2602 712 2818 706 3096 709 3232 703" 
                    HPOS="467"
                    VPOS="556"
                    WIDTH="2762"
                    HEIGHT="236">
            <Shape><Polygon POINTS="472 748 472 762 718 792 728 792 797 762 1053 787 1349 753 1506 772 1605 753 1649 748 2087 767 2205 748 2259 743 2525 757 2565 733 2609 748 2648 757 2826 728 3224 738 3229 698 3219 580 3042 556 3032 556 2973 580 2968 585 2186 595 2136 585 2062 565 2043 565 2023 585 2013 590 2003 585 1994 575 1974 575 1920 605 1629 605 1521 585 1413 575 1413 580 1403 585 1383 605 1260 580 1245 580 1235 590 1196 610 1048 580 984 615 467 595 472 748"/></Shape>
	    <String CONTENT="Tout ce que la Nature a fait pour me tenter."
                    HPOS="467"
                    VPOS="556"
                    WIDTH="2762"
                    HEIGHT="236"></String>
          </TextLine>
          <TextLine ID="tl_4"
                    TAGREFS="LT188"
                    BASELINE="481 926 600 925 885 969 1230 909 1410 905 1754 901 2320 895 2766 886 2936 883 3340 884 3398 901" 
                    HPOS="472"
                    VPOS="718"
                    WIDTH="2925"
                    HEIGHT="246">
            <Shape><Polygon POINTS="477 925 477 959 1068 964 1427 925 1472 954 1496 954 1526 925 1870 920 2658 930 2707 905 2757 935 2786 935 2949 905 2988 930 2988 935 3008 935 3057 910 3392 925 3397 900 3392 757 3298 757 3239 718 3219 718 3141 757 3032 718 3018 718 2934 757 2845 723 2826 723 2826 728 2781 767 2698 767 2638 748 2629 748 2456 762 2373 772 2338 767 2215 733 2195 733 2141 772 1801 748 1757 777 1536 743 1521 743 1481 777 1442 777 1196 748 1132 777 1102 797 994 797 930 753 807 753 738 802 649 802 600 757 585 757 472 782 477 925"/></Shape>
	    <String CONTENT="Il n&#x27;eſt point de rubis vermeils comme ſa bouche,"
                    HPOS="472"
                    VPOS="718"
                    WIDTH="2925"
                    HEIGHT="246"></String>
          </TextLine>
          <TextLine ID="tl_5"
                    TAGREFS="LT188"
                    BASELINE="485 1134 736 1104 938 1094 1074 1090 1276 1088 1594 1087 2092 1075 2216 1070 2480 1071 2626 1070 3020 1062 3298 1061 3476 1083" 
                    HPOS="477"
                    VPOS="895"
                    WIDTH="2998"
                    HEIGHT="266">
            <Shape><Polygon POINTS="1014 944 969 949 920 959 881 959 876 964 807 984 684 984 635 944 620 944 477 969 482 1146 723 1161 817 1127 871 1141 910 1156 925 1156 1004 1122 1393 1146 1442 1117 1723 1131 1792 1107 1885 1131 1925 1131 2058 1102 2471 1127 2589 1092 2707 1122 2742 1122 2742 1117 2791 1092 3018 1112 3106 1082 3471 1107 3475 1082 3471 930 3283 895 3269 895 3269 900 3229 935 3229 940 3027 940 2899 900 2880 900 2830 940 2826 949 2638 949 2589 915 2574 915 2348 949 2289 954 2264 949 2156 915 2141 915 2033 944 1905 920 1787 959 1678 925 1659 925 1659 930 1619 964 1565 944 1545 944 1521 969 1368 930 1353 930 1240 974 1137 944 1117 944 1093 964 1083 964 1053 940 1053 935 1014 944"/></Shape>
	    <String CONTENT="Qui meſle vn eſprit d&#x27;ambre à tout ce qu&#x27;elle touche,"
                    HPOS="477"
                    VPOS="895"
                    WIDTH="2998"
                    HEIGHT="266"></String>
          </TextLine>
          <TextLine ID="tl_6"
                    TAGREFS="LT188"
                    BASELINE="499 1290 676 1280 1108 1272 1286 1266 1814 1261 2146 1259 2406 1252 2688 1247 3310 1240" 
                    HPOS="492"
                    VPOS="1087"
                    WIDTH="2816"
                    HEIGHT="251">
            <Shape><Polygon POINTS="512 1127 512 1131 507 1131 492 1146 497 1289 507 1338 541 1309 654 1328 669 1328 669 1323 689 1304 772 1338 787 1338 905 1299 1186 1319 1373 1328 1373 1323 1388 1314 1417 1289 1565 1323 1575 1323 1619 1309 1673 1284 1752 1304 1787 1309 1954 1284 1994 1314 2013 1314 2122 1279 2225 1314 2240 1314 2338 1269 2599 1269 2766 1304 2781 1304 2830 1269 3047 1299 3308 1259 3308 1235 3293 1112 2899 1117 2821 1087 2806 1087 2732 1122 2289 1107 1752 1136 1659 1107 1649 1107 1452 1112 1422 1141 1368 1122 1349 1122 1349 1127 1329 1146 1275 1117 1260 1117 1147 1146 827 1122 694 1156 531 1127 512 1127"/></Shape>
	    <String CONTENT="Et l&#x27;eſclat de ſes yeux veut que mes ſentimens"
                    HPOS="492"
                    VPOS="1087"
                    WIDTH="2816"
                    HEIGHT="251"></String>
          </TextLine>
          <TextLine ID="tl_7"
                    TAGREFS="LT188"
                    BASELINE="493 1460 722 1458 1244 1450 1554 1445 1696 1444 2084 1437 2282 1434 2594 1481 2814 1428 3406 1413" 
                    HPOS="487"
                    VPOS="1284"
                    WIDTH="2915"
                    HEIGHT="217">
            <Shape><Polygon POINTS="492 1456 492 1501 3397 1456 3402 1412 3387 1284 487 1319 492 1456"/></Shape>
	    <String CONTENT="Les mettent pour le moins au rang des diamans."
                    HPOS="487"
                    VPOS="1284"
                    WIDTH="2915"
                    HEIGHT="217"></String>
          </TextLine>
          <TextLine ID="tl_8"
                    TAGREFS="LT188"
                    BASELINE="1426 1796 2604 1792" 
                    HPOS="1422"
                    VPOS="1604"
                    WIDTH="1177"
                    HEIGHT="246">
            <Shape><Polygon POINTS="1422 1791 1422 1840 2594 1850 2599 1791 2599 1624 2072 1604 2067 1604 1733 1629 1703 1629 1698 1629 1624 1604 1619 1604 1614 1604 1422 1629 1422 1791"/></Shape>
	    <String CONTENT="PHERORE."
                    HPOS="1422"
                    VPOS="1604"
                    WIDTH="1177"
                    HEIGHT="246"></String>
          </TextLine>
          <TextLine ID="tl_9"
                    TAGREFS="LT188"
                    BASELINE="521 2194 712 2192 1154 2180 1680 2172 1960 2169 2262 2164 2982 2156" 
                    HPOS="512"
                    VPOS="1968"
                    WIDTH="2466"
                    HEIGHT="241">
            <Shape><Polygon POINTS="516 2190 516 2209 2973 2195 2978 2155 2963 1998 2688 2008 2614 1993 2471 1968 2466 1968 2461 1968 2382 1993 2318 2017 1949 2017 1870 1993 1836 1983 1831 1983 1826 1983 1821 1983 1782 1993 1698 2017 1619 1993 1590 1983 1585 1983 1580 1983 1575 1983 1541 1993 1442 2022 1398 1993 1388 1983 1383 1983 1378 1983 1373 1983 1368 1983 1363 1983 1363 1988 1353 1993 1319 2027 999 2027 920 1993 910 1988 905 1988 900 1988 896 1988 886 1993 822 2027 768 1993 763 1993 758 1993 512 1993 516 2190"/></Shape>
	    <String CONTENT="La beauté toutefois doit eſtre deſdaignée."
                    HPOS="512"
                    VPOS="1968"
                    WIDTH="2466"
                    HEIGHT="241"></String>
          </TextLine>
          <TextLine ID="tl_10"
                    TAGREFS="LT188"
                    BASELINE="528 2405 776 2369 960 2366 1204 2361 1700 2352 1986 2347 2316 2345 3139 2334" 
                    HPOS="521"
                    VPOS="2160"
                    WIDTH="2615"
                    HEIGHT="295">
            <Shape><Polygon POINTS="526 2401 526 2455 748 2455 748 2450 758 2450 758 2446 763 2446 812 2396 910 2416 1403 2391 1506 2436 1526 2436 1550 2416 1600 2382 1870 2426 1885 2426 1930 2391 2028 2416 2048 2416 2107 2372 2254 2401 2525 2362 2560 2382 2619 2411 2624 2411 2629 2416 2766 2416 2766 2411 3136 2357 3136 2332 3121 2160 2954 2190 2510 2170 2510 2175 2506 2175 2506 2180 2486 2204 2259 2204 1787 2185 1516 2219 1422 2195 1413 2195 1083 2224 1029 2199 1014 2199 935 2229 846 2204 832 2204 763 2234 531 2209 531 2214 526 2214 521 2219 526 2401"/></Shape>
	    <String CONTENT="Qui de bon naturel n&#x27;eſt point accompagnée."
                    HPOS="521"
                    VPOS="2160"
                    WIDTH="2615"
                    HEIGHT="295"></String>
          </TextLine>
          <TextLine ID="tl_11"
                    TAGREFS="LT188"
                    BASELINE="1453 2596 2490 2591" 
                    HPOS="1447"
                    VPOS="2377"
                    WIDTH="1039"
                    HEIGHT="246">
            <Shape><Polygon POINTS="1452 2593 1452 2623 2481 2613 2486 2588 2466 2377 2412 2406 2378 2382 2378 2377 2373 2377 2368 2377 2363 2377 2279 2382 2048 2406 1998 2391 1934 2377 1930 2377 1925 2377 1920 2377 1870 2396 1851 2406 1826 2401 1742 2377 1737 2377 1733 2377 1728 2377 1723 2377 1678 2406 1673 2406 1669 2406 1614 2387 1609 2387 1605 2387 1447 2411 1452 2593"/></Shape>
	    <String CONTENT="HERODE."
                    HPOS="1447"
                    VPOS="2377"
                    WIDTH="1039"
                    HEIGHT="246"></String>
          </TextLine>
          <TextLine ID="tl_12"
                    TAGREFS="LT188"
                    BASELINE="534 2921 891 2910 1177 2909 1712 2915 2087 2890 2267 2890 2451 2884 3005 2898" 
                    HPOS="526"
                    VPOS="2711"
                    WIDTH="2477"
                    HEIGHT="237">
            <Shape><Polygon POINTS="531 2918 531 2943 960 2923 1048 2948 1068 2948 1102 2918 1240 2948 1787 2923 1994 2943 2053 2913 2146 2928 2274 2943 2545 2913 2589 2918 2698 2943 2712 2943 2737 2918 2747 2913 2993 2913 3003 2893 2998 2746 2954 2711 2722 2711 2668 2751 2594 2711 2579 2711 2486 2741 2456 2711 2141 2711 2082 2751 1861 2731 1826 2761 1541 2761 1467 2721 1457 2721 1285 2761 812 2761 679 2721 664 2721 615 2751 600 2756 526 2751 531 2918"/></Shape>
	    <String CONTENT="Toute ceſte rigueur, vient de ſa chaſteté,"
                    HPOS="526"
                    VPOS="2711"
                    WIDTH="2477"
                    HEIGHT="237"></String>
          </TextLine>
          <TextLine ID="tl_13"
                    TAGREFS="LT188"
                    BASELINE="530 3104 893 3088 1123 3090 1635 3074 2199 3064 2391 3064 2763 3060 2925 3059 3325 3072" 
                    HPOS="521"
                    VPOS="2889"
                    WIDTH="2802"
                    HEIGHT="251">
            <Shape><Polygon POINTS="2978 2893 2963 2893 2963 2898 2929 2928 2850 2898 2830 2893 2811 2893 2806 2903 2762 2938 2589 2938 2540 2908 2515 2898 2501 2898 2476 2908 2427 2938 2358 2903 2338 2903 2279 2943 2097 2943 2067 2923 2053 2908 2028 2908 2028 2913 2013 2923 1989 2948 1836 2948 1693 2913 1595 2913 1004 2953 900 2957 881 2957 708 2923 694 2923 694 2928 659 2957 605 2928 590 2928 521 2957 526 3125 905 3140 1033 3120 1122 3110 1275 3135 1344 3100 1452 3120 1545 3130 1629 3100 1875 3115 1954 3115 2082 3090 2294 3110 2446 3120 2510 3085 2624 3115 2643 3115 2683 3085 2707 3105 2737 3105 2855 3080 3318 3095 3323 3071 3313 2889 3136 2923 2998 2893 2978 2893"/></Shape>
	    <String CONTENT="Mais ſon humeur hautaine eſt pleine de bonté,"
                    HPOS="521"
                    VPOS="2889"
                    WIDTH="2802"
                    HEIGHT="251"></String>
          </TextLine>
          <TextLine ID="tl_14"
                    TAGREFS="LT188"
                    BASELINE="530 3310 975 3270 1067 3268 1269 3269 1455 3260 1527 3256 1585 3255 2193 3249 2455 3244 2993 3240 3081 3277 3315 3237 3391 3234 3519 3200" 
                    HPOS="516"
                    VPOS="3056"
                    WIDTH="2999"
                    HEIGHT="315">
            <Shape><Polygon POINTS="3313 3071 3229 3071 2801 3095 2496 3066 2496 3071 2451 3105 2378 3085 2358 3085 2348 3095 2323 3110 2092 3080 1920 3130 1846 3130 1797 3085 1447 3100 1403 3135 1235 3105 851 3144 615 3125 516 3154 526 3341 615 3336 704 3371 718 3371 827 3312 1378 3302 1422 3322 1462 3336 1481 3336 1531 3292 1737 3287 1806 3331 1826 3331 1994 3282 2274 3322 2427 3267 2550 3312 2560 3312 2771 3277 2791 3277 2835 3302 2845 3302 3515 3253 3515 3199 3490 3056 3308 3066 3313 3071"/></Shape>
	    <String CONTENT="Quand le Parthe inhumain prit Hyrcane &amp; Pha¬"
                    HPOS="516"
                    VPOS="3056"
                    WIDTH="2999"
                    HEIGHT="315"></String>
          </TextLine>
          <TextLine ID="tl_15"
                    TAGREFS="LT188"
                    BASELINE="690 3498 1023 3467" 
                    HPOS="669"
                    VPOS="3272"
                    WIDTH="350"
                    HEIGHT="246">
            <Shape><Polygon POINTS="915 3277 866 3277 817 3277 669 3341 689 3494 689 3518 1019 3484 1019 3464 999 3312 925 3272 915 3277"/></Shape>
	    <String CONTENT="ſelle,"
                    HPOS="669"
                    VPOS="3272"
                    WIDTH="350"
                    HEIGHT="246"></String>
          </TextLine>
          <TextLine ID="tl_16"
                    TAGREFS="LT188"
                    BASELINE="540 3629 663 3629 967 3628 1203 3623 1857 3612 1983 3609 2217 3610 2649 3600 3033 3600 3095 3597" 
                    HPOS="526"
                    VPOS="3415"
                    WIDTH="2565"
                    HEIGHT="266">
            <Shape><Polygon POINTS="777 3489 728 3494 718 3469 669 3489 620 3445 600 3445 526 3464 536 3627 536 3676 694 3651 758 3676 777 3681 792 3681 807 3676 861 3646 1565 3661 1565 3656 1590 3637 1757 3661 1777 3661 1846 3632 1925 3661 1964 3661 2112 3632 2461 3656 2540 3622 2629 3651 2673 3651 2835 3622 3087 3642 3091 3592 3082 3415 2570 3415 2442 3464 2235 3430 2151 3420 2048 3435 1801 3479 1545 3479 1511 3445 1501 3440 1501 3435 1265 3435 1132 3489 812 3489 807 3484 777 3489"/></Shape>
	    <String CONTENT="Ie deus ma deliurance à ſon conſeil fidelle:"
                    HPOS="526"
                    VPOS="3415"
                    WIDTH="2565"
                    HEIGHT="266"></String>
          </TextLine>
          <TextLine ID="tl_17"
                    TAGREFS="LT188"
                    BASELINE="546 3813 839 3807 1475 3800 1825 3786 1995 3791 2167 3789 2635 3784 3099 3797" 
                    HPOS="536"
                    VPOS="3632"
                    WIDTH="2560"
                    HEIGHT="226">
            <Shape><Polygon POINTS="541 3809 541 3838 768 3853 782 3853 836 3814 1029 3853 1033 3858 1329 3858 1329 3853 1491 3819 1511 3824 1570 3853 1585 3853 1654 3824 1669 3814 2107 3809 2131 3814 2215 3848 2235 3848 2284 3814 2579 3829 2624 3804 2673 3838 2688 3838 3091 3799 3096 3794 3087 3651 2944 3661 2855 3632 2673 3651 2570 3666 2486 3642 2471 3642 2387 3666 2353 3637 2353 3632 2220 3632 2181 3661 2151 3637 2151 3632 2136 3632 2003 3656 1949 3632 1605 3632 1531 3671 1334 3671 1221 3637 1201 3637 1157 3671 1137 3671 984 3637 969 3637 969 3642 935 3671 935 3676 669 3676 571 3637 551 3637 551 3642 546 3642 536 3651 541 3809"/></Shape>
	    <String CONTENT="Sans cét inſigne effect de ſa ſecrette amour,"
                    HPOS="536"
                    VPOS="3632"
                    WIDTH="2560"
                    HEIGHT="226"></String>
          </TextLine>
          <TextLine ID="tl_18"
                    TAGREFS="LT188"
                    BASELINE="548 3987 671 3985 1127 3982 1255 3977 1445 3977 1695 3976 2089 3970 2559 3963 2905 3961 3191 3954 3241 3971" 
                    HPOS="546"
                    VPOS="3804"
                    WIDTH="2693"
                    HEIGHT="236">
            <Shape><Polygon POINTS="546 4011 644 4011 674 4035 674 4040 1009 4006 1255 4035 1358 4001 1506 4035 1521 4035 1521 4030 1550 4006 1885 4030 1885 4025 1920 3991 2048 3991 2387 4025 2387 4021 2422 3986 2584 3986 2693 4021 2712 4021 2712 4016 2747 3986 2919 3986 2963 4016 2983 4016 3067 3981 3165 4016 3185 4016 3239 3981 3234 3829 2816 3804 2437 3838 2205 3809 2092 3838 1910 3814 1678 3843 1649 3819 1649 3814 1629 3814 1496 3848 1432 3819 1417 3819 1294 3848 1216 3819 1196 3819 1186 3829 1152 3848 896 3824 896 3829 866 3858 649 3858 546 3829 546 4011"/></Shape>
	    <String CONTENT="Ie perdois à la fois, &amp; Sceptre &amp; le iour;"
                    HPOS="546"
                    VPOS="3804"
                    WIDTH="2693"
                    HEIGHT="236"></String>
          </TextLine>
          <TextLine ID="tl_19"
                    TAGREFS="LT188"
                    BASELINE="563 4163 747 4164 983 4163 1263 4160 1421 4159 1651 4168 1921 4171 2103 4188 2243 4144 2715 4139 3393 4152" 
                    HPOS="556"
                    VPOS="3986"
                    WIDTH="2836"
                    HEIGHT="226">
            <Shape><Polygon POINTS="561 4158 556 4183 1107 4208 1324 4183 1353 4208 1373 4208 1472 4173 1541 4208 1688 4178 1713 4203 1733 4203 1787 4183 2062 4212 2333 4173 2387 4168 2407 4173 2506 4212 2525 4212 2584 4173 2939 4173 3032 4203 3047 4203 3141 4173 3352 4198 3387 4168 3392 4148 3387 3996 3072 4021 2850 3996 2727 4030 2550 3991 2540 3991 2412 4025 2205 3991 2195 3991 2058 4025 1432 4025 1383 3986 1363 3986 1275 4025 1166 4025 1137 3996 1137 3991 1117 3991 1038 4021 561 3996 561 4158"/></Shape>
	    <String CONTENT="C&#x27;eſtoit fait de ma vie, &amp; le traiſtre Antigone,"
                    HPOS="556"
                    VPOS="3986"
                    WIDTH="2836"
                    HEIGHT="226"></String>
          </TextLine>
          <TextLine ID="tl_20"
                    TAGREFS="LT188"
                    BASELINE="567 4347 765 4344 957 4344 1415 4339 1663 4334 2043 4348 2641 4318 2873 4315 3009 4316 3417 4366 3528 4304" 
                    HPOS="561"
                    VPOS="4158"
                    WIDTH="2964"
                    HEIGHT="227">
            <Shape><Polygon POINTS="1939 4173 1900 4168 1865 4193 1831 4212 1289 4212 1280 4203 1191 4163 1171 4163 1117 4198 1063 4173 1043 4173 984 4212 713 4212 615 4168 595 4168 595 4173 561 4203 566 4370 1230 4385 1339 4355 1363 4375 1363 4380 1570 4360 1728 4385 1885 4355 1994 4385 2008 4385 2146 4350 2589 4350 2678 4380 2688 4380 2890 4350 2914 4375 2914 4380 2929 4380 3087 4355 3382 4380 3525 4345 3525 4301 3490 4158 3224 4183 3165 4158 3151 4158 3126 4163 3013 4198 2978 4168 2968 4163 2968 4158 2712 4158 2643 4188 2570 4158 2555 4158 2422 4203 2274 4183 2240 4183 2117 4212 1979 4212 1959 4188 1939 4173"/></Shape>
	    <String CONTENT="En me foulant aux pieds, remontoit ſur le Throſne."
                    HPOS="561"
                    VPOS="4158"
                    WIDTH="2964"
                    HEIGHT="227"></String>
          </TextLine>
          <TextLine ID="tl_21"
                    TAGREFS="LT188"
                    BASELINE="753 4521 1045 4521 1655 4512 1887 4510 2302 4503 3087 4517" 
                    HPOS="743"
                    VPOS="4345"
                    WIDTH="2339"
                    HEIGHT="227">
            <Shape><Polygon POINTS="807 4345 797 4345 748 4370 748 4518 743 4557 969 4567 989 4562 1048 4537 1097 4567 1107 4567 1112 4572 1344 4572 1344 4567 1353 4567 1408 4532 1536 4562 1570 4567 1678 4523 1742 4547 2112 4523 2235 4557 2254 4557 2254 4552 2294 4523 2417 4547 2555 4523 2653 4567 2673 4567 2727 4523 2899 4523 3067 4567 3082 4513 3077 4365 2865 4345 2855 4345 2717 4380 2530 4345 2520 4345 2427 4380 2161 4345 2126 4365 2102 4385 1363 4385 1324 4350 1142 4345 930 4375 876 4380 812 4345 807 4345"/></Shape>
	    <String CONTENT="Ceſte obligation me touche tendrement,"
                    HPOS="743"
                    VPOS="4345"
                    WIDTH="2339"
                    HEIGHT="227"></String>
          </TextLine>
          <TextLine ID="tl_22"
                    TAGREFS="LT188"
                    BASELINE="573 4709 749 4702 968 4700 1238 4699 1708 4692 1904 4690 2486 4679 3044 4675 3104 4689" 
                    HPOS="566"
                    VPOS="4513"
                    WIDTH="2535"
                    HEIGHT="221">
            <Shape><Polygon POINTS="571 4705 571 4734 3101 4705 3101 4685 3096 4547 3032 4527 3023 4527 2821 4552 2757 4513 2609 4513 2289 4557 2210 4518 2058 4547 2018 4523 1994 4523 1994 4527 1949 4567 1885 4567 1801 4523 1787 4523 1703 4567 1644 4527 1629 4527 1378 4572 1048 4532 989 4577 812 4577 610 4537 595 4537 595 4542 566 4567 571 4705"/></Shape>
	    <String CONTENT="Et me fait excuſer ſes deſdains aisément;"
                    HPOS="566"
                    VPOS="4513"
                    WIDTH="2535"
                    HEIGHT="221"></String>
          </TextLine>
          <TextLine ID="tl_23"
                    TAGREFS="LT188"
                    BASELINE="569 4881 694 4880 945 4934 1491 4930 1646 4873 2058 4866 2212 4865 2414 4864 2949 4909 3362 4848 3426 4839" 
                    HPOS="561"
                    VPOS="4705"
                    WIDTH="2860"
                    HEIGHT="241">
            <Shape><Polygon POINTS="566 4877 566 4901 649 4936 664 4936 718 4916 817 4941 822 4946 1496 4946 1496 4941 1644 4901 1811 4941 1826 4941 1875 4897 2156 4892 2230 4936 2250 4936 2368 4892 2599 4892 2899 4936 3106 4921 3146 4892 3421 4892 3421 4837 3407 4729 2801 4705 2801 4710 2776 4734 2766 4739 2658 4719 2560 4744 2510 4705 2259 4705 2097 4749 2053 4714 2053 4710 1934 4710 1747 4749 1718 4744 1605 4710 1585 4710 1585 4714 1541 4754 679 4754 610 4710 585 4710 585 4714 561 4734 566 4877"/></Shape>
	    <String CONTENT="Ie voy beaucoup d&#x27;orgueil en ſes beauteZ diuines:"
                    HPOS="561"
                    VPOS="4705"
                    WIDTH="2860"
                    HEIGHT="241"></String>
          </TextLine>
          <TextLine ID="tl_24"
                    TAGREFS="LT188"
                    BASELINE="575 5065 938 5054 1118 5054 1400 5053 1996 5049 2204 5044 2502 5041 2810 5038 3236 5021" 
                    HPOS="566"
                    VPOS="4882"
                    WIDTH="2668"
                    HEIGHT="226">
            <Shape><Polygon POINTS="2978 4901 2929 4906 2880 4901 2865 4916 2683 4916 2599 4882 2579 4882 2579 4887 2574 4887 2550 4916 2378 4887 2141 4921 2062 4892 2048 4892 1934 4926 1531 4911 1501 4921 1417 4936 1398 4931 1225 4931 1216 4936 1191 4931 1063 4931 1048 4941 1033 4931 960 4931 925 4926 841 4941 580 4916 580 4921 576 4921 566 4931 571 5089 768 5108 1161 5074 1216 5098 1225 5098 1496 5069 1905 5098 2058 5064 2092 5064 2304 5098 2579 5093 2658 5059 2693 5089 2717 5089 2757 5064 3013 5084 3047 5059 3116 5084 3131 5084 3234 5044 3234 5020 3219 4906 2998 4906 2983 4897 2978 4901"/></Shape>
	    <String CONTENT="Mais on voit rarement des roſes ſans eſpines."
                    HPOS="566"
                    VPOS="4882"
                    WIDTH="2668"
                    HEIGHT="226"></String>
          </TextLine>
          <TextLine ID="tl_25"
                    TAGREFS="LT188"
                    BASELINE="587 5243 764 5238 1042 5231 1186 5231 1384 5231 1656 5230 1972 5229 2094 5222 2382 5223 2814 5218 2866 5213" 
                    HPOS="580"
                    VPOS="5054"
                    WIDTH="2285"
                    HEIGHT="222">
            <Shape><Polygon POINTS="585 5241 585 5276 2422 5276 2422 5271 2432 5271 2466 5241 2855 5271 2865 5212 2850 5054 2446 5103 2299 5103 2235 5059 2215 5059 2131 5084 1890 5064 1801 5113 1565 5113 1516 5069 1496 5069 1467 5074 1383 5098 1353 5079 1344 5069 1319 5069 1319 5074 1309 5079 1275 5113 1206 5079 1181 5069 1166 5069 1038 5118 910 5093 758 5118 713 5089 699 5074 684 5074 580 5089 585 5241"/></Shape>
	    <String CONTENT="Et puis il eſt bien iuſte à dire verité:"
                    HPOS="580"
                    VPOS="5054"
                    WIDTH="2285"
                    HEIGHT="222"></String>
          </TextLine>
          <TextLine ID="tl_26"
                    TAGREFS="LT188"
                    BASELINE="579 5447 994 5413 1374 5409 1698 5410 2008 5409 2208 5407 2458 5402 2640 5400 3060 5442 3144 5384" 
                    HPOS="571"
                    VPOS="5231"
                    WIDTH="2570"
                    HEIGHT="300">
            <Shape><Polygon POINTS="576 5443 576 5497 792 5531 1038 5502 1058 5502 1230 5531 1821 5527 1856 5502 1870 5497 2097 5522 2112 5522 2146 5497 2176 5522 2190 5522 2634 5487 3136 5507 3141 5379 3106 5231 2949 5236 2949 5241 2914 5276 2658 5276 2589 5236 2570 5236 2506 5280 2289 5280 2235 5236 2215 5236 2092 5271 1989 5236 1969 5236 1969 5241 1920 5285 1408 5285 1339 5241 1319 5241 1230 5290 1137 5290 1083 5246 836 5246 753 5285 669 5246 659 5246 571 5261 576 5443"/></Shape>
	    <String CONTENT="Qu&#x27;elle garde entre vous vn peu de majeſté."
                    HPOS="571"
                    VPOS="5231"
                    WIDTH="2570"
                    HEIGHT="300"></String>
          </TextLine>
        </TextBlock>
        <TextBlock HPOS="1098.0"
                   VPOS="213.0"
                   WIDTH="1760.0"
                   HEIGHT="150.0"
                   ID="eSc_textblock_986adc09"
                   TAGREFS="BT237">
          <Shape><Polygon POINTS="1098 213 1098 363 2858 363 2858 213"/></Shape>
          <TextLine ID="eSc_line_a5749cb2"
                    TAGREFS="LT188"
                    BASELINE="1120 367 1406 353 2248 342 2418 341 2851 373" 
                    HPOS="1093"
                    VPOS="200"
                    WIDTH="1769"
                    HEIGHT="202">
            <Shape><Polygon POINTS="2786 393 2862 402 2843 212 2654 203 2550 216 2496 216 2410 209 2387 216 2338 216 2235 231 2114 200 2007 202 1954 216 1565 216 1481 285 1373 226 1353 226 1295 265 1161 224 1093 230 1117 364 1112 369 1925 388 1998 383 2151 364 2171 383 2176 383 2176 388 2195 388 2250 364 2741 376 2840 388 2850 369 2845 364 2835 364"/></Shape>
	    <String CONTENT="LA MARIANE,"
                    HPOS="1093"
                    VPOS="200"
                    WIDTH="1769"
                    HEIGHT="202"></String>
          </TextLine>
        </TextBlock>
      </PrintSpace>
    </Page>
  </Layout>
</alto>
