<?xml version="1.0" encoding="UTF-8"?>
<alto xmlns:xsi="http://www.w3.org/2001/XMLSchema-instance"
      xmlns="http://www.loc.gov/standards/alto/ns-v4#"
      xsi:schemaLocation="http://www.loc.gov/standards/alto/ns-v4# http://www.loc.gov/standards/alto/v4/alto-4-2.xsd">
  <Description>
    <MeasurementUnit>pixel</MeasurementUnit>
    <sourceImageInformation>
      <fileName>Lhermite1639_Mariane_bpt6k1511072f_corrected_0008.png</fileName>
    </sourceImageInformation>
  </Description>
  <Tags>
    <OtherTag ID="BT7" LABEL="CustomZone" DESCRIPTION="block type CustomZone"/><OtherTag ID="BT8" LABEL="DamageZone" DESCRIPTION="block type DamageZone"/><OtherTag ID="BT9" LABEL="DigitizationArtefactZone" DESCRIPTION="block type DigitizationArtefactZone"/><OtherTag ID="BT10" LABEL="DropCapitalZone" DESCRIPTION="block type DropCapitalZone"/><OtherTag ID="BT11" LABEL="GraphicZone" DESCRIPTION="block type GraphicZone"/><OtherTag ID="BT12" LABEL="MainZone" DESCRIPTION="block type MainZone"/><OtherTag ID="BT13" LABEL="MarginTextZone" DESCRIPTION="block type MarginTextZone"/><OtherTag ID="BT14" LABEL="MusicZone" DESCRIPTION="block type MusicZone"/><OtherTag ID="BT15" LABEL="NumberingZone" DESCRIPTION="block type NumberingZone"/><OtherTag ID="BT17" LABEL="QuireMarksZone" DESCRIPTION="block type QuireMarksZone"/><OtherTag ID="BT18" LABEL="RunningTitleZone" DESCRIPTION="block type RunningTitleZone"/><OtherTag ID="BT19" LABEL="SealZone" DESCRIPTION="block type SealZone"/><OtherTag ID="BT20" LABEL="StampZone" DESCRIPTION="block type StampZone"/><OtherTag ID="BT21" LABEL="TableZone" DESCRIPTION="block type TableZone"/><OtherTag ID="BT22" LABEL="TitlePageZone" DESCRIPTION="block type TitlePageZone"/><OtherTag ID="BT230" LABEL="Main" DESCRIPTION="block type Main"/><OtherTag ID="BT231" LABEL="Signatures" DESCRIPTION="block type Signatures"/><OtherTag ID="BT232" LABEL="Decoration" DESCRIPTION="block type Decoration"/><OtherTag ID="BT233" LABEL="DropCapital" DESCRIPTION="block type DropCapital"/><OtherTag ID="BT234" LABEL="Damage" DESCRIPTION="block type Damage"/><OtherTag ID="BT235" LABEL="Numbering" DESCRIPTION="block type Numbering"/><OtherTag ID="BT236" LABEL="Margin" DESCRIPTION="block type Margin"/><OtherTag ID="BT237" LABEL="RunningTitle" DESCRIPTION="block type RunningTitle"/><OtherTag ID="BT238" LABEL="Stamp" DESCRIPTION="block type Stamp"/>
    <OtherTag ID="LT7" LABEL="CustomLine" DESCRIPTION="line type CustomLine"/><OtherTag ID="LT8" LABEL="DefaultLine" DESCRIPTION="line type DefaultLine"/><OtherTag ID="LT9" LABEL="DropCapitalLine" DESCRIPTION="line type DropCapitalLine"/><OtherTag ID="LT10" LABEL="HeadingLine" DESCRIPTION="line type HeadingLine"/><OtherTag ID="LT11" LABEL="InterlinearLine" DESCRIPTION="line type InterlinearLine"/><OtherTag ID="LT12" LABEL="MusicLine" DESCRIPTION="line type MusicLine"/><OtherTag ID="LT188" LABEL="Default" DESCRIPTION="line type Default"/><OtherTag ID="LT189" LABEL="Rubric" DESCRIPTION="line type Rubric"/>
  </Tags>
  <Layout>
    <Page WIDTH="3796"
          HEIGHT="5918"
          PHYSICAL_IMG_NR="3"
          ID="eSc_dummypage_">
      <PrintSpace HPOS="0"
                  VPOS="0"
                  WIDTH="3796"
                  HEIGHT="5918">
        <TextBlock HPOS="495.0"
                   VPOS="1100.0"
                   WIDTH="3054.0"
                   HEIGHT="4549.0"
                   ID="eSc_textblock_40d28375"
                   TAGREFS="BT230">
          <Shape><Polygon POINTS="495 1100 495 4283 3538 5649 3549 1100"/></Shape>
          <TextLine ID="tl_1"
                    TAGREFS="LT188"
                    BASELINE="546 1534 3494 1522" 
                    HPOS="538"
                    VPOS="1124"
                    WIDTH="2951"
                    HEIGHT="468">
            <Shape><Polygon POINTS="542 1533 542 1563 592 1583 607 1583 691 1548 730 1568 789 1592 809 1592 868 1548 1110 1578 1342 1548 1475 1587 1495 1587 1495 1583 1510 1573 1540 1543 1693 1573 1732 1578 1777 1573 1949 1543 1994 1573 2004 1583 2023 1583 2122 1548 2246 1573 2403 1543 2566 1578 2581 1578 2645 1543 2853 1543 2892 1568 2912 1568 2981 1538 3035 1583 3045 1583 3050 1587 3485 1587 3489 1518 3475 1124 2937 1168 2867 1124 2848 1124 2808 1139 2719 1163 2631 1139 2566 1124 2552 1124 2374 1178 2078 1178 2004 1139 1796 1129 1633 1154 1540 1129 1530 1129 1273 1178 1189 1173 868 1144 858 1144 789 1178 676 1144 661 1144 538 1183 542 1533"/></Shape>
	    <String CONTENT="ARGVMENT"
                    HPOS="538"
                    VPOS="1124"
                    WIDTH="2951"
                    HEIGHT="468"></String>
          </TextLine>
          <TextLine ID="tl_2"
                    TAGREFS="LT188"
                    BASELINE="1823 1801 1961 1801 2281 1805" 
                    HPOS="1816"
                    VPOS="1602"
                    WIDTH="464"
                    HEIGHT="217">
            <Shape><Polygon POINTS="1816 1819 2275 1814 2280 1804 2280 1627 2181 1607 2176 1607 2171 1607 2167 1607 2152 1622 2083 1671 1979 1671 1915 1612 1905 1602 1900 1602 1895 1602 1890 1602 1885 1602 1880 1602 1870 1612 1856 1627 1826 1612 1821 1800 1816 1819"/></Shape>
	    <String CONTENT="DV"
                    HPOS="1816"
                    VPOS="1602"
                    WIDTH="464"
                    HEIGHT="217"></String>
          </TextLine>
          <TextLine ID="tl_3"
                    TAGREFS="LT188"
                    BASELINE="859 2179 1197 2177 3141 2163" 
                    HPOS="853"
                    VPOS="1874"
                    WIDTH="2286"
                    HEIGHT="325">
            <Shape><Polygon POINTS="858 2174 858 2199 3139 2184 3134 1933 3025 1898 3011 1898 2927 1938 2843 1878 2685 1898 2660 1878 2660 1874 2640 1874 2502 1933 2468 1952 2186 1952 2167 1933 2088 1878 2073 1878 1826 1933 1762 1883 1579 1878 1436 1918 1337 1883 1317 1883 1248 1938 1219 1957 1120 1938 1046 1928 853 1938 858 2174"/></Shape>
	    <String CONTENT="PREMIER ACTE."
                    HPOS="853"
                    VPOS="1874"
                    WIDTH="2286"
                    HEIGHT="325"></String>
          </TextLine>
          <TextLine ID="tl_4"
                    TAGREFS="LT188"
                    BASELINE="517 2610 590 2603 1068 2596 1570 2585 1746 2585 2216 2606 2654 2576 3514 2597" 
                    HPOS="513"
                    VPOS="2381"
                    WIDTH="2996"
                    HEIGHT="257">
            <Shape><Polygon POINTS="513 2608 513 2638 1554 2638 1554 2633 1747 2603 1949 2638 2339 2608 2497 2608 2532 2623 2552 2638 2571 2638 2650 2608 3499 2618 3509 2594 3509 2381 3361 2381 3287 2441 3213 2386 3213 2381 3193 2381 3016 2431 2956 2391 2946 2381 2463 2381 2320 2451 2053 2451 1974 2406 1954 2406 1954 2411 1949 2411 1935 2431 1920 2411 1900 2396 1900 2391 1786 2386 1772 2386 1678 2446 1357 2446 1283 2411 1268 2411 1234 2426 1209 2441 1164 2431 1120 2416 1105 2416 1007 2441 888 2386 873 2386 774 2436 765 2446 513 2446 513 2608"/></Shape>
	    <String CONTENT="1. Herode s’eſueille en ſurſaut, troublé d’vne viſion eſ¬"
                    HPOS="513"
                    VPOS="2381"
                    WIDTH="2996"
                    HEIGHT="257"></String>
          </TextLine>
          <TextLine ID="tl_5"
                    TAGREFS="LT188"
                    BASELINE="663 2812 1392 2751 1544 2747 1808 2747 2116 2743 2268 2744 2418 2738 2720 2737 3184 2738 3334 2738 3512 2722" 
                    HPOS="651"
                    VPOS="2579"
                    WIDTH="2858"
                    HEIGHT="261">
            <Shape><Polygon POINTS="3465 2594 3317 2594 3267 2589 3203 2589 2922 2598 2892 2584 2808 2579 2779 2613 2561 2613 2542 2598 2507 2584 2478 2589 2453 2589 2443 2603 2394 2594 2305 2598 2305 2603 2270 2628 2206 2603 2132 2603 2127 2598 2107 2608 2033 2628 1895 2594 1856 2589 1831 2618 1801 2638 1614 2598 1451 2628 1377 2638 1298 2613 1288 2613 1135 2648 651 2648 661 2840 1727 2776 1885 2806 1900 2806 1954 2766 2028 2796 2043 2796 2167 2761 2339 2796 2418 2806 2453 2781 2552 2801 3509 2756 3509 2717 3489 2594 3465 2594"/></Shape>
	    <String CONTENT="pouuantable. 2. Son frere &amp; ſa ſœur eſſayent de re¬"
                    HPOS="651"
                    VPOS="2579"
                    WIDTH="2858"
                    HEIGHT="261"></String>
          </TextLine>
          <TextLine ID="tl_6"
                    TAGREFS="LT188"
                    BASELINE="659 2930 1030 2927 1242 2921 1591 2913 1765 2909 2076 2914 2560 2930 2784 2942 3514 2908" 
                    HPOS="651"
                    VPOS="2742"
                    WIDTH="2858"
                    HEIGHT="241">
            <Shape><Polygon POINTS="3228 2742 2902 2781 2877 2781 2596 2751 2586 2751 2502 2786 2073 2761 2033 2791 1944 2761 1925 2761 1870 2796 1663 2766 1648 2766 1604 2796 1347 2771 1263 2806 1239 2806 1056 2776 1046 2781 1021 2781 997 2801 967 2781 947 2786 932 2786 908 2815 651 2815 656 2954 834 2983 849 2983 893 2954 908 2954 1002 2978 1021 2978 1061 2949 1352 2963 1624 2939 1826 2939 1856 2963 1930 2954 2009 2934 2196 2934 2231 2963 2250 2963 2339 2934 2522 2959 3504 2944 3509 2904 3499 2776 3262 2776 3233 2746 3233 2742 3228 2742"/></Shape>
	    <String CONTENT="mettre ſon eſprit de ceſte frayeur, luy repreſentant"
                    HPOS="651"
                    VPOS="2742"
                    WIDTH="2858"
                    HEIGHT="241"></String>
          </TextLine>
          <TextLine ID="tl_7"
                    TAGREFS="LT188"
                    BASELINE="658 3090 751 3088 1119 3084 1347 3075 1791 3070 1927 3067 2413 3062 2553 3059 3063 3061 3233 3060 3513 3038" 
                    HPOS="651"
                    VPOS="2909"
                    WIDTH="2858"
                    HEIGHT="222">
            <Shape><Polygon POINTS="3366 2914 3203 2919 3183 2939 3178 2949 3045 2949 3021 2929 2971 2934 2887 2934 2882 2939 2848 2949 2719 2939 2576 2934 2527 2929 2478 2929 2428 2924 2329 2924 2324 2919 2295 2939 2255 2959 2028 2919 1939 2924 1939 2929 1925 2939 1900 2968 1584 2968 1416 2939 1396 2939 1303 2968 1234 2934 1214 2934 1174 2963 1140 2939 1140 2934 1120 2934 1026 2959 1002 2939 1002 2934 982 2934 868 2978 651 2939 656 3116 1135 3102 1253 3131 1268 3131 1377 3097 1520 3126 1811 3102 1984 3121 2028 3087 2152 3111 2339 3087 2418 3082 3040 3106 3075 3077 3085 3072 3391 3102 3509 3067 3509 3037 3499 2944 3371 2909 3366 2914"/></Shape>
	    <String CONTENT="la vanité des ſonges. 3. Herode ſe recueille en ſoy-"
                    HPOS="651"
                    VPOS="2909"
                    WIDTH="2858"
                    HEIGHT="222"></String>
          </TextLine>
          <TextLine ID="tl_8"
                    TAGREFS="LT188"
                    BASELINE="658 3252 1555 3235 1749 3235 2187 3228 2403 3224 3025 3239 3177 3227 3379 3224 3509 3227" 
                    HPOS="651"
                    VPOS="3072"
                    WIDTH="2853"
                    HEIGHT="202">
            <Shape><Polygon POINTS="656 3249 656 3274 3504 3240 3504 3225 3489 3072 3361 3111 3282 3072 3267 3072 3198 3111 3169 3077 3164 3077 3164 3072 3035 3072 3035 3077 3025 3082 2996 3111 2858 3111 2838 3087 2828 3082 2828 3077 2803 3077 2754 3116 2566 3092 2418 3077 2354 3116 2324 3097 2290 3082 2009 3082 1880 3121 1777 3082 1762 3082 1703 3111 1673 3131 1451 3131 1273 3087 1258 3087 1194 3136 937 3136 937 3131 858 3092 839 3092 839 3097 804 3131 765 3111 750 3111 651 3136 656 3249"/></Shape>
	    <String CONTENT="meſme, s&#x27;aſſeure ſur l’amitié des Romains, &amp; ſur ſa"
                    HPOS="651"
                    VPOS="3072"
                    WIDTH="2853"
                    HEIGHT="202"></String>
          </TextLine>
          <TextLine ID="tl_9"
                    TAGREFS="LT188"
                    BASELINE="654 3418 1023 3406 1169 3407 1437 3402 1721 3397 2121 3391 2941 3410 3037 3381 3158 3378 3503 3390" 
                    HPOS="646"
                    VPOS="3230"
                    WIDTH="2853"
                    HEIGHT="217">
            <Shape><Polygon POINTS="3065 3235 2823 3235 2793 3230 2542 3230 2497 3245 2443 3269 2379 3235 2364 3235 2290 3259 2206 3230 2186 3230 2117 3279 1939 3235 1925 3235 1870 3254 1816 3279 1673 3279 1638 3259 1614 3240 1594 3240 1510 3274 1367 3245 1352 3245 1322 3274 1243 3249 1224 3249 1189 3279 957 3279 829 3249 765 3249 745 3269 745 3274 651 3274 651 3417 646 3432 1584 3437 1722 3407 1821 3442 2009 3417 2112 3442 2127 3442 2246 3412 2601 3412 2635 3422 2690 3447 2705 3447 2764 3422 2784 3417 2907 3442 3144 3417 3208 3447 3228 3447 3228 3442 3257 3417 3489 3417 3499 3388 3494 3235 3228 3235 3154 3264 3129 3240 3129 3235 3065 3230 3065 3235"/></Shape>
	    <String CONTENT="valeur. 4. Puis ceſte crainte eſtant dſſipée, il ſe plaint"
                    HPOS="646"
                    VPOS="3230"
                    WIDTH="2853"
                    HEIGHT="217"></String>
          </TextLine>
          <TextLine ID="tl_10"
                    TAGREFS="LT188"
                    BASELINE="665 3576 792 3571 1258 3564 1516 3561 1598 3559 1880 3558 2415 3578 2710 3543 3492 3547" 
                    HPOS="656"
                    VPOS="3397"
                    WIDTH="2833"
                    HEIGHT="208">
            <Shape><Polygon POINTS="2877 3407 2779 3407 2734 3402 2645 3432 2438 3397 2315 3437 2162 3397 2147 3397 2078 3437 2014 3397 1994 3397 1841 3442 1549 3442 1471 3397 1456 3397 1347 3437 1278 3402 1239 3402 1194 3442 1002 3442 893 3407 853 3412 819 3412 784 3437 720 3417 676 3417 656 3432 661 3605 799 3580 1426 3600 1515 3575 1579 3600 1870 3575 1954 3600 1969 3600 2068 3575 2226 3600 2542 3575 3282 3575 3336 3600 3356 3600 3386 3575 3475 3600 3489 3545 3485 3422 3465 3402 3465 3397 3450 3397 3248 3432 3238 3432 3169 3397 2976 3397 2942 3422 2922 3407 2877 3407"/></Shape>
	    <String CONTENT="de l’amour qu’il a pour Mariane, dont il ſouhaiteroit"
                    HPOS="656"
                    VPOS="3397"
                    WIDTH="2833"
                    HEIGHT="208"></String>
          </TextLine>
          <TextLine ID="tl_11"
                    TAGREFS="LT188"
                    BASELINE="665 3734 1024 3735 1288 3724 1620 3720 1768 3719 2270 3710 2438 3712 2896 3703 3502 3704" 
                    HPOS="656"
                    VPOS="3550"
                    WIDTH="2843"
                    HEIGHT="212">
            <Shape><Polygon POINTS="2532 3565 2453 3570 2448 3580 2433 3595 2403 3575 2329 3575 2320 3585 2285 3605 2028 3605 1969 3560 1806 3560 1737 3609 1628 3609 1569 3565 1545 3565 1545 3570 1520 3595 1505 3605 1406 3575 1392 3575 1283 3605 1155 3570 1140 3570 1061 3614 923 3614 858 3570 834 3570 784 3609 774 3605 735 3575 700 3575 656 3595 661 3762 3499 3733 3494 3570 3356 3550 3267 3590 3193 3570 3095 3550 2907 3590 2858 3550 2838 3550 2774 3575 2734 3595 2695 3560 2695 3555 2581 3555 2532 3565"/></Shape>
	    <String CONTENT="d’eſtre plus aimé. 5. Pherore &amp; Salome s’efforcent"
                    HPOS="656"
                    VPOS="3550"
                    WIDTH="2843"
                    HEIGHT="212"></String>
          </TextLine>
          <TextLine ID="tl_12"
                    TAGREFS="LT188"
                    BASELINE="675 3894 808 3897 1094 3892 1260 3884 1644 3880 1798 3879 2280 3871 2670 3867 2748 3867 3038 3866 3499 3838" 
                    HPOS="666"
                    VPOS="3703"
                    WIDTH="2828"
                    HEIGHT="217">
            <Shape><Polygon POINTS="3381 3703 3322 3703 3248 3728 3223 3723 3164 3703 3114 3703 2991 3728 2946 3733 2710 3708 2211 3752 2048 3748 1846 3738 1772 3762 1712 3733 1693 3733 1643 3762 1317 3738 1268 3772 1125 3743 1056 3777 1007 3748 987 3748 918 3777 666 3777 671 3920 3494 3886 3494 3836 3485 3718 3410 3703 3381 3703"/></Shape>
	    <String CONTENT="en vain de rendre de mauuais offices à cette Princeſ¬"
                    HPOS="666"
                    VPOS="3703"
                    WIDTH="2828"
                    HEIGHT="217"></String>
          </TextLine>
          <TextLine ID="tl_13"
                    TAGREFS="LT188"
                    BASELINE="674 4058 794 4055 958 4053 1429 4043 1933 4045 2287 4035 2461 4028 2599 4032 3263 4023 3499 4001" 
                    HPOS="666"
                    VPOS="3866"
                    WIDTH="2828"
                    HEIGHT="212">
            <Shape><Polygon POINTS="671 4053 671 4078 3193 4063 3262 4039 3489 4058 3494 3999 3480 3866 3144 3905 2828 3905 2803 3881 2803 3876 2423 3915 2206 3891 2171 3920 1821 3891 1821 3896 1781 3930 1604 3930 1525 3896 1510 3896 1411 3920 1313 3896 1293 3896 1293 3900 1263 3930 1224 3905 1204 3905 1140 3935 1105 3905 1105 3900 977 3900 789 3940 755 3910 755 3905 666 3905 671 4053"/></Shape>
	    <String CONTENT="ſe. 6. Herode l’enuoye querir par Soeſme, auec deſ¬"
                    HPOS="666"
                    VPOS="3866"
                    WIDTH="2828"
                    HEIGHT="212"></String>
          </TextLine>
          <TextLine ID="tl_14"
                    TAGREFS="LT188"
                    BASELINE="676 4222 881 4219 1029 4213 1525 4207 1617 4209 2105 4201 2369 4192 2469 4194 2973 4188 3263 4187 3487 4186" 
                    HPOS="666"
                    VPOS="4024"
                    WIDTH="2819"
                    HEIGHT="340">
            <Shape><Polygon POINTS="2216 4039 2206 4039 2152 4063 2107 4088 2014 4088 1994 4063 1974 4048 1974 4043 1959 4043 1865 4063 1747 4093 1653 4093 1584 4048 1559 4048 1559 4053 1525 4088 1392 4093 1342 4063 1332 4053 1313 4053 1234 4078 1204 4063 1194 4053 1169 4053 1169 4058 1135 4093 1066 4053 839 4093 804 4063 804 4058 666 4058 676 4315 770 4290 834 4330 853 4330 928 4300 1011 4325 1026 4325 1081 4295 1120 4320 1140 4339 1160 4339 1263 4290 1342 4325 1357 4325 1471 4275 1678 4295 2009 4270 2043 4295 2068 4295 2107 4270 2250 4344 2265 4344 2290 4334 2408 4300 2532 4364 2986 4359 3011 4334 3070 4359 3085 4359 3174 4334 3480 4349 3485 4182 3475 4068 3356 4063 3322 4029 3322 4024 3302 4024 3203 4063 3193 4073 2843 4073 2823 4063 2714 4034 2705 4034 2418 4039 2354 4078 2216 4039"/></Shape>
	    <String CONTENT="ſein de l&#x27;obliger à prendre plus d&#x27;affection pour luy."
                    HPOS="666"
                    VPOS="4024"
                    WIDTH="2819"
                    HEIGHT="340"></String>
          </TextLine>
          <TextLine ID="tl_15"
                    TAGREFS="LT189"
                    BASELINE="3262 5485 3447 5479" 
                    HPOS="3243"
                    VPOS="5252"
                    WIDTH="202"
                    HEIGHT="296">
            <Shape><Polygon POINTS="3257 5484 3257 5518 3336 5548 3341 5548 3346 5548 3351 5548 3445 5508 3445 5474 3425 5252 3243 5276 3257 5484"/></Shape>
	    <String CONTENT="LA"
                    HPOS="3243"
                    VPOS="5252"
                    WIDTH="202"
                    HEIGHT="296"></String>
          </TextLine>
        </TextBlock>
        <TextBlock HPOS="473.0"
                   VPOS="531.0"
                   WIDTH="3076.0"
                   HEIGHT="526.0"
                   ID="eSc_textblock_0592d342"
                   TAGREFS="BT232">
          <Shape><Polygon POINTS="473 531 473 1057 3549 1025 3549 531"/></Shape>
        </TextBlock>
      </PrintSpace>
    </Page>
  </Layout>
</alto>
