3796 5814
1008 155 1314 193 TRAGEDIE.

3000 270 103 180 9

140 373 2477 198 Apres mille embaras d'eſpeces incertaines,

140 518 2768 257 De rencontre ſans ſuite, & de chimeres vaines,

135 712 2507 213 Ie me ſuis trouué ſeul dans vn bois eſcarté

140 881 2177 228 Ou l'horreur habitoit auec l'obſcurité,

135 1056 2822 242 Lors qu'vne voix plaintiue a percé les tenebres,

126 1235 2962 242 Appelant MARIANE auec des tons funebres,

305 1409 2666 262 Iay couru vers le lieu d'où le bruit s'eſpandoit,

121 1613 2967 228 Suiuant dans ce tranſport l'Amour qui me gui¬

416 1773 306 198 doit,

116 1938 2734 251 Et qui ſembloit encor m'auoir preſté ſes aiſles,

101 2131 2696 228 Pour atteindre pluſtoſt ce miracle des Belles:

271 2301 2807 271 Mes pas mont amené ſur le bord d'vn eſtang,

111 2495 2788 223 Dont i'ay trouué les eaux toutes rouges de ſang;

101 2664 2439 228 Il eſt tombé deſſus vn eſclat de tonnerre;

106 2824 2967 262 l'ay ſenty ſous mes pieds vn tremblement de terre,

111 3018 2337 242 Et deſſus ce riuage, enuironné d'effroy,

106 3207 2395 228 Le ieune Ariſtobule a paru deuant moy.

1047 3541 969 233 SALOME.

101 3885 2769 238 O Cieux! ie ſerois morte eſtant en voſtre place;

92 4060 2564 305 Le ſang à ce recit dans mes veines ſe glace.

945 4433 1183 218 PHERORE.

92 4767 2802 329 Ie ſens la meſme horreur dans mes os ſe couler:

2535 5363 82 252 B
