3796 5847
628 243 190 166 16

1281 224 1701 175 LA MARIANE,

638 438 2485 156 Tant de rares vertus, & de diuins apas,

628 570 2973 224 Pour entrer dans ma couche, & pour ne m'aimer pas?

638 730 2826 225 Faut-il que deux moitiés ſoient ſi mal aſſorties?

633 896 2690 283 Qu'vn tout ſoit compoſé de contraires parties?

638 1091 2461 273 Que ie ſois ſi ſenſible, elle l'eſtant ſi peu?

643 1261 2967 278 Que ſon cœur ſoit de glace, & le mien ſoit de feu?

1612 1598 1155 238 PHERORE.

652 1978 2710 248 Apres auoir acquis des honneurs à la guerre,

657 2158 2856 263 Qui vous font enuier aux deux bouts de la terre,

657 2358 2700 239 Succombant dans la paix à d'inuiſibles coups,

662 2523 2768 259 Vous vouleZ que par tout on ait pitié de vous.

1734 2860 1014 248 HERODE.

657 3215 2953 239 L'erreur dont on m'accuſe a troublé de grands hõmes,

657 3401 2953 258 Soit aux ſiecles paſſez, ſoit au temps où nous ſommes.

657 3571 2490 253 L'Amour eſt tellement fatal à la valeur,

652 3746 2958 264 Qu'il n'eſt point de Heros exempts de ce mal-heur;

662 3951 2505 239 Celuy qui de ſon poil tenoit toute ſa force,

652 4107 2671 287 Ne ſceut ſi deſtourner de cette douce amorce.

657 4307 2729 234 Et ce petit Berger qui deuint vn grand Roy,

662 4477 2778 249 Fut en ſes derniers iours plus inſenſé que moy.

662 4662 2646 244 Anthoine ſous ce ioug abaiſſant ſon courage,

667 4853 2627 199 A de moindres clarteZ s'ébloüit dauantage,

657 5013 2715 234 Pour ſuiure Cleopatre il quitta ſon bon-heur,

672 5179 2768 326 Et s'embarquant ainſi, fit naufrage d'honneur.

3220 5369 381 244 De moy
