3796 5918
552 394 2735 202 Ie ſuis aſſez ſçauant en l'art de bien regner,

562 517 3036 267 Sans que ton vain courroux me le vienne enſeigner;

562 720 2740 261 Et i'ay trop ſeurement affermy mon Empire

547 907 3056 227 Pour craindre les malheurs que tu me viens predire:

562 1080 2602 236 Ie donneray bon ordre a tous les accidens,

572 1272 3031 237 Qui n'eſtans point preueus, perdent les imprudens.

774 1440 2824 276 Mais quoy? le front me ſuë, & ie ſuis hors d'ha¬

967 1671 350 168 leine;

597 1790 2685 246 Mon ame en ce repos a trouué tant de peine

607 1987 2320 266 A ſe deſabuſer d'vne faſcheuſe erreur,

617 2160 2789 256 Que i'en ſuis tout émeu de colere & d'horreur.

602 2372 355 236 Hola.

162 1938 410 138 Ferore pa¬

167 2036 351 119 roiſt auec

157 2115 420 138 le Capitai¬

167 2224 415 187 ne des Gar¬

182 2327 143 183 des

557 286 109 103 2

1239 177 1668 197 LA MARIANE,
