3796 5906
443 211 133 172 20

1181 127 1664 251 LA MARIANE,

1427 418 990 221 SALOME.

467 816 2334 247 Elle parle de vous auec vne inſolence,

462 1018 2925 232 Que ſans beaucoup d'horreur on ne peut reueler,

477 1200 2762 232 Et que ſans crime außi l'on ne ſçauroit celer.

477 1382 2989 237 Vous nomme à tous propos l'autheur de ſes miſeres,

482 1565 2723 221 Le tyran de l'Eſtat, le meurtrier de ſes peres.

497 1747 2432 221 Et de mille raiſons anime ſon courroux,

482 1924 2688 256 Pour faire ſouſleuer les peuples contre vous,

1516 2249 1044 246 HERODE.

497 2598 2836 271 La Iudée auiourd'huy ſoûmiſe à ma puiſſance,

507 2810 2732 241 Ne trouue ſon bon-heur qu'on ſon obeïſſance.

521 2987 2428 236 On ne peut l'eſmouuoir ainſi facilement,

526 3174 2388 226 Et ie ne croy pas tout außi legerement.

526 3327 2999 285 Ie connoy Mariane, & ſçay qu'elle eſt trop ſage

526 3533 2664 227 Pour s'eſtre abandonnée à tenir ce langage.

546 3691 2989 236 Si les Grands s'arreſtoient à tout ce qu'on leur dit,

551 3893 2811 226 L'impoſture auprés d'eux auroit trop de credit;

561 4075 2782 211 On verroit dans les Cours vne guerre eternelle,

561 4227 2742 271 Il faudroit chaque iour faire maiſon nouuelle.

1545 4542 1157 256 PHERORE.

590 4936 2639 246 En cas de ces auis, pour ſe gouuerner bien,

585 5138 2698 374 Il ne faut pas tout croire, & ne negliger rien.
