3796 5897
452 343 2817 158 Ils me viennent conter leurs triſtes auantures,

452 471 3019 221 Ils me viennent monſtrer leurs mortelles bleſſures,

462 658 3004 216 Et me vont reprochant pour me combler d‘ennuis,

457 810 2940 276 Qu'auecque leur bourreau ie dors toutes les nuits.

639 1007 2537 226 Il faut que le perfide acheue ma diſgrace;

462 1203 2802 217 Il en veut à mon ſang, il ent veut à ma race,

467 1371 2424 231 Il n'eſt pas ſatisfait pour auoir maſſacré

476 1543 2557 231 Vn vieillard venerable, vn Pontife ſacré

481 1719 2931 256 Qui le mit dans ſes droits & dans ſon alliance;

491 1926 2464 221 Logeant en ſon appuy toute ſa confiance:

496 2093 2596 241 Ny pour auoir eſteint d’vne eſtrange façon

496 2280 2660 231 Vn innocent beaufrere, vn aimable garçon,

491 2447 2695 245 Le ieune Ariſtobule, helas! lors que i'y penſe

491 2648 2818 192 Le cours de ma douleur emporte ma confiance;

491 2801 2478 260 I ay le cœur ſi ſerré que ie ne puis parler,

496 2992 2498 236 Et mon ame affligée eſt preſte à s'enuoler.

688 3174 2675 226 A peine il arriuoit en ſon quatrieſme luſtre,

511 3346 2783 251 Et l'on voyoit en luy ie ne ſçay quoy d'illuſtre,

521 3543 2699 216 Sa grace, ſa beauté, ſa parole, & ſon port,

526 3705 2547 245 Rauiſfoient les eſprits dés le premier abord.

531 3896 2596 226 II eſtoit de mon poil, il auoit mon viſage,

531 4083 2571 221 Il eſtoit ma peinture, ou i'eſtois ſon image.

516 4240 3004 226 Puis les Cieux en ſon ame auoient mis des threſors

535 4422 2995 246 Qui reſpondoient encore à ceux d'vn ſi beau corps,

545 4575 2803 290 Et leurs graces ſur luy ſembloient eſtre tombées

535 4786 2715 226 Pour releuer l'honneur des braues Macabées.

550 4963 2680 270 Celuy qui vers le Nil emporta les pourtraits

555 5150 2709 314 Confeſſoit tout rauy de ſes charmans attraits,

457 132 192 197 26

1199 122 1682 192 LA MARIANE,
