3796 5856
952 190 1393 180 TRAGEDIE.

2965 262 163 162 17

175 370 2961 264 De moy tous mes deſſeins ſont ſans honte & ſans

337 561 390 185 crime:

166 702 2628 274 Le feu qui me conſume, eſt vn feu legitime;

166 897 2662 254 Ie n'ay pas des deſirs que l'on puiſſe blaſmer:

170 1093 2512 229 Car i'aime ſeulement ce que ie dois aimer.

1021 1415 1201 234 PHERORE.

151 1771 2555 244 Si dans la paßion d'vne amour coniugale,

156 1966 2858 244 De la Reine & de vous, l'ardeur eſtoit eſgale:

151 2156 2692 225 Qui pourroit condamner voſtre reſſentiment?

161 2332 2569 239 Ou voudroit s'oppoſer à cét embraZement?

156 2513 2951 229 Mais quoy? voſtre raiſon eſt vrayment endormie;

161 2679 2486 234 Vous faites vanité d’aimer vne ennemie,

161 2874 2687 229 Qui pour recompenſer vn traitement ſi doux

166 3025 2530 278 N'aplique ſon eſcrit qu’a meſdire de vous.

1152 3391 1012 229 SALOME.

161 3757 2740 210 Sans mentir cette erreur eſt digne de reproche;

161 3943 2662 229 Quel plaiſir preneZ vous de cherir vne roche,

166 4123 2882 225 Dont les ſources de pleurs coulent inceſſamment,

170 4294 2976 259 Et qui pour voſtre amour n'a point de ſentiment?

1113 4645 1056 239 HERODE.

170 4972 2223 264 Si le diuin objet dont ie ſuis idolatre,

205 5153 2780 361 Paſſe pour vn rocher, c'eſt vn rocher d'albaſtre,

2618 5397 98 229 C
