3796 5851
526 195 176 146 28

1161 147 1629 194 LA MARIANE,

526 385 2972 161 On vous a fait des maux, mais pour ne rien celer

526 492 2835 268 On pren beaucoup de ſoin pour vous en conſoler.

1414 726 1186 215 MARIANE.

526 1053 664 224 Comment!

1605 1248 849 234 DINA.

1219 1579 1215 244 Le Roy vous aime,

1424 1789 1220 239 MARIANE.

2015 2106 1473 219 Il m'aime? ô l'innocente!

1566 2325 907 244 DINA.

507 2642 2723 259 Il ſouſpire touſiours quand vous eſtes abſente,

507 2852 2981 234 Il vous nomme à toute heure, il conte tous vos pas;

517 3042 1532 215 N'eſt-ce pas vous aimer?

1400 3227 1215 244 MARIANE.

1990 3549 1488 268 Hé quoy? ne ſcay-tu pas

507 3734 2581 254 Que cette ame infidelle eſt pleine d'artifices,

502 3925 2820 234 Que ma perte despend de ſes premiers caprices,

507 4100 2962 224 Et qu'au moindre hazard qu'il s'attend de courir

507 4261 2566 268 Il ordonne außi-toſt qu'on me face mourir?

512 4461 2737 234 C'eſt le ſoin principal de cette amour extrême,

512 4627 2532 243 Et c'eſt à quoy n'aguere il obligeoit Soeſme

507 4817 2581 224 Lors que tout effrayé pour Rodes il partoit,

512 4987 2625 254 Redoutant d'y trouuer la mort qu'il meritoit.
