3796 5876
602 298 137 201 12

1307 200 1646 265 LA MARIANE

1611 568 994 235 SALOME.

597 930 2694 269 L'Eſtat, d'vn changement peut eſtre menacé.

1611 1180 1068 264 HERODE.

631 1473 2567 255 Ce qu'eſcrit le Deſtin, ne peut eſtre effacé,

626 1669 2601 245 Il faut bon-gré, mal-gré, que l'ame reſoluë

626 1846 2592 259 Suiue ce qui a marqué ſa puiſſance abſoluë:

641 2041 2621 231 De ſes pieges ſecrets on ne peut s'afranchir,

631 2179 2924 298 Nous y courons plus droit en penſant les gauchir.

636 2389 2973 230 L'homme à qui la Fortune a fait des auantages,

636 2560 2645 255 Eſt comme le vaiſſeau ſauué de cent orages;

631 2742 2440 254 Qui ſujet toutefois aux caprices du ſort,

622 2923 2821 259 Peut ſe perdre à la rade, ou perir dans le port.

783 3070 2841 298 Mais qui me peut choquer? & qu'ay-ie plus à

1082 3329 504 177 craindre

641 3442 2949 254 Au faiſte du bon-heur où l'on me voit atteindre?

641 3613 2978 284 Rien n'eſt aſſez puiſſant pour me perdre auiourd’huy,

641 3824 2665 225 Si le Ciel en tombant ne m'accable ſous luy:

656 4020 2576 220 Ie ne puis ſuccomber que par vne auanture

666 4167 2522 244 Dont le coup ſoit fatal à toute la Nature.

675 4358 2738 225 Tous les Aſmoneans ſont dedans le tombeau,

685 4524 2949 240 On voit deſſus le Thrône vn Monarque nouueau,

685 4691 2954 254 Qui tient ſous les Lauriers ſa Couronne & ſa teſte

675 4886 2670 216 Pour iamais à l'abry des coups de la tempeſte.

871 5068 2763 249 Ie ſçay bien quel ſupport Auguſte ma promis,

690 5263 2552 265 Me voulant receuoir au rang de ſes amis;
