3796 5876
568 303 88 206 4

1180 220 1700 230 LA MARIANE,

1645 558 1029 235 HERODE.

568 940 2987 244 Tu m'as bien entendu quand i'ay parlé tout haut;

568 1116 2581 220 Ie me ſuis éueillé tout à l'heure en ſurſaut,

568 1307 2243 230 Apres la viſion la plus melancolique

577 1483 2528 255 Qui puiſſe deuancer vn accident tragique.

1552 1704 1166 254 PHERORE.

597 2007 2831 240 Les ſonges les plus noirs que l'on puiſſe inuenter,

602 2193 2527 270 Seroient-ils ſuffiſans de vous eſpouuenter:

617 2374 2850 235 Vous qui ſçaueZ brauer les forces indomptables,

622 2551 2640 254 Et qui craigneZ ſi peu les perils veritables?

631 2747 2572 244 Ce ſont des viſions qui n'ont iamais d’effet.

1640 3080 1029 239 HERODE.

641 3412 2635 309 Mon eſprit eſt troublé du ſonge que i'ay fait,

656 3652 2718 206 Il m'en reuient ſans ceſſe vne idée importune,

651 3814 2860 274 Qui ne doit m'auertir que de quelque infortune:

651 4000 2645 245 C’eſt vn auant-coureur de quelque aduerſité.

1523 4279 1200 265 PHERORE.

656 4544 2258 230 On ne doit pas en faire vne neceßité;

651 4749 2317 221 Ces apparitions ſont comme les images

651 4862 2826 289 Qu’vn meſlange confus forme dans les nuages;

661 5053 2919 289 C'eſt vn ſombre tableau d’hommes & d'animaux

661 5244 2772 372 Qui ne fait arriuer ny des biens ny des maux.
