<?xml version="1.0" encoding="UTF-8"?>
<alto xmlns:xsi="http://www.w3.org/2001/XMLSchema-instance"
      xmlns="http://www.loc.gov/standards/alto/ns-v4#"
      xsi:schemaLocation="http://www.loc.gov/standards/alto/ns-v4# http://www.loc.gov/standards/alto/v4/alto-4-2.xsd">
  <Description>
    <MeasurementUnit>pixel</MeasurementUnit>
    <sourceImageInformation>
      <fileName>Lhermite1639_Mariane_bpt6k1511072f_corrected_0018.png</fileName>
    </sourceImageInformation>
  </Description>
  <Tags>
    <OtherTag ID="BT7" LABEL="CustomZone" DESCRIPTION="block type CustomZone"/><OtherTag ID="BT8" LABEL="DamageZone" DESCRIPTION="block type DamageZone"/><OtherTag ID="BT9" LABEL="DigitizationArtefactZone" DESCRIPTION="block type DigitizationArtefactZone"/><OtherTag ID="BT10" LABEL="DropCapitalZone" DESCRIPTION="block type DropCapitalZone"/><OtherTag ID="BT11" LABEL="GraphicZone" DESCRIPTION="block type GraphicZone"/><OtherTag ID="BT12" LABEL="MainZone" DESCRIPTION="block type MainZone"/><OtherTag ID="BT13" LABEL="MarginTextZone" DESCRIPTION="block type MarginTextZone"/><OtherTag ID="BT14" LABEL="MusicZone" DESCRIPTION="block type MusicZone"/><OtherTag ID="BT15" LABEL="NumberingZone" DESCRIPTION="block type NumberingZone"/><OtherTag ID="BT17" LABEL="QuireMarksZone" DESCRIPTION="block type QuireMarksZone"/><OtherTag ID="BT18" LABEL="RunningTitleZone" DESCRIPTION="block type RunningTitleZone"/><OtherTag ID="BT19" LABEL="SealZone" DESCRIPTION="block type SealZone"/><OtherTag ID="BT20" LABEL="StampZone" DESCRIPTION="block type StampZone"/><OtherTag ID="BT21" LABEL="TableZone" DESCRIPTION="block type TableZone"/><OtherTag ID="BT22" LABEL="TitlePageZone" DESCRIPTION="block type TitlePageZone"/><OtherTag ID="BT230" LABEL="Main" DESCRIPTION="block type Main"/><OtherTag ID="BT231" LABEL="Signatures" DESCRIPTION="block type Signatures"/><OtherTag ID="BT232" LABEL="Decoration" DESCRIPTION="block type Decoration"/><OtherTag ID="BT233" LABEL="DropCapital" DESCRIPTION="block type DropCapital"/><OtherTag ID="BT234" LABEL="Damage" DESCRIPTION="block type Damage"/><OtherTag ID="BT235" LABEL="Numbering" DESCRIPTION="block type Numbering"/><OtherTag ID="BT236" LABEL="Margin" DESCRIPTION="block type Margin"/><OtherTag ID="BT237" LABEL="RunningTitle" DESCRIPTION="block type RunningTitle"/><OtherTag ID="BT238" LABEL="Stamp" DESCRIPTION="block type Stamp"/>
    <OtherTag ID="LT7" LABEL="CustomLine" DESCRIPTION="line type CustomLine"/><OtherTag ID="LT8" LABEL="DefaultLine" DESCRIPTION="line type DefaultLine"/><OtherTag ID="LT9" LABEL="DropCapitalLine" DESCRIPTION="line type DropCapitalLine"/><OtherTag ID="LT10" LABEL="HeadingLine" DESCRIPTION="line type HeadingLine"/><OtherTag ID="LT11" LABEL="InterlinearLine" DESCRIPTION="line type InterlinearLine"/><OtherTag ID="LT12" LABEL="MusicLine" DESCRIPTION="line type MusicLine"/><OtherTag ID="LT188" LABEL="Default" DESCRIPTION="line type Default"/><OtherTag ID="LT189" LABEL="Rubric" DESCRIPTION="line type Rubric"/>
  </Tags>
  <Layout>
    <Page WIDTH="3796"
          HEIGHT="5876"
          PHYSICAL_IMG_NR="13"
          ID="eSc_dummypage_">
      <PrintSpace HPOS="0"
                  VPOS="0"
                  WIDTH="3796"
                  HEIGHT="5876">
        <TextBlock HPOS="541.0"
                   VPOS="231.0"
                   WIDTH="195.0"
                   HEIGHT="140.0"
                   ID="eSc_textblock_0282ef96"
                   TAGREFS="BT235">
          <Shape><Polygon POINTS="541 231 541 371 736 371 736 231"/></Shape>
          <TextLine ID="tl_1"
                    TAGREFS="LT188"
                    BASELINE="581 348 698 347" 
                    HPOS="573"
                    VPOS="235"
                    WIDTH="138"
                    HEIGHT="161">
            <Shape><Polygon POINTS="651 235 573 244 577 347 577 396 695 377 695 342 711 235 671 235"/></Shape>
	    <String CONTENT="10"
                    HPOS="573"
                    VPOS="235"
                    WIDTH="138"
                    HEIGHT="161"></String>
          </TextLine>
        </TextBlock>
        <TextBlock HPOS="1201.0"
                   VPOS="166.0"
                   WIDTH="1763.0"
                   HEIGHT="238.0"
                   ID="eSc_textblock_80155a8e"
                   TAGREFS="BT237">
          <Shape><Polygon POINTS="1201 166 1201 404 2964 404 2964 166"/></Shape>
          <TextLine ID="tl_2"
                    TAGREFS="LT188"
                    BASELINE="1255 332 1538 330 2326 319 2886 351" 
                    HPOS="1249"
                    VPOS="166"
                    WIDTH="1635"
                    HEIGHT="196">
            <Shape><Polygon POINTS="2816 166 2767 166 2718 166 2669 166 2644 166 2507 181 2419 166 2375 166 2326 166 2277 166 2228 166 2179 166 2130 166 2081 166 2032 166 1988 166 1964 176 1949 181 1929 176 1905 166 1885 166 1836 166 1792 166 1782 171 1768 166 1738 166 1689 166 1684 171 1680 176 1253 166 1253 328 1249 362 2880 362 2884 347 2884 190 2826 166 2816 166"/></Shape>
	    <String CONTENT="LA MARIANE,"
                    HPOS="1249"
                    VPOS="166"
                    WIDTH="1635"
                    HEIGHT="196"></String>
          </TextLine>
        </TextBlock>
        <TextBlock HPOS="508.0"
                   VPOS="512.0"
                   WIDTH="3127.0"
                   HEIGHT="4738.0"
                   ID="eSc_textblock_3c46055c"
                   TAGREFS="BT230">
          <Shape><Polygon POINTS="508 512 508 5250 3635 5250 3635 512"/></Shape>
          <TextLine ID="tl_3"
                    TAGREFS="LT188"
                    BASELINE="1618 708 2649 709" 
                    HPOS="1616"
                    VPOS="519"
                    WIDTH="1028"
                    HEIGHT="239">
            <Shape><Polygon POINTS="1616 705 1616 758 2644 758 2644 705 2644 548 2581 519 2576 519 2571 519 2566 519 2498 553 2468 553 2042 553 2037 543 2013 523 2013 519 2008 519 2003 519 1998 519 1616 538 1616 705"/></Shape>
	    <String CONTENT="HERODE."
                    HPOS="1616"
                    VPOS="519"
                    WIDTH="1028"
                    HEIGHT="239"></String>
          </TextLine>
          <TextLine ID="tl_4"
                    TAGREFS="LT188"
                    BASELINE="627 1077 1494 1058 1602 1059 1920 1080 2111 1097 2304 1055 2954 1049 3150 1065" 
                    HPOS="622"
                    VPOS="876"
                    WIDTH="2527"
                    HEIGHT="255">
            <Shape><Polygon POINTS="626 1072 626 1121 793 1131 793 1126 803 1121 832 1096 1018 1096 1087 1116 1126 1131 1141 1131 1288 1091 1596 1091 1665 1126 1680 1126 1797 1096 1822 1121 1831 1121 1836 1126 2213 1126 2213 1121 2223 1121 2223 1116 2258 1087 2316 1101 2365 1116 2370 1121 2517 1121 2517 1116 2527 1116 2566 1082 2605 1101 2644 1116 2654 1116 2909 1077 2948 1106 2948 1111 2968 1111 3066 1077 3144 1091 3149 1062 3144 915 3031 876 3017 876 2914 915 2899 925 2708 925 2659 881 2644 881 2478 915 2439 920 2424 915 2365 881 2346 881 2346 886 2321 910 2306 930 1861 930 1817 891 1802 891 1719 905 1606 930 1542 891 1518 891 1464 935 1395 935 1366 905 1351 896 1351 891 1214 891 1141 900 964 935 852 896 622 896 626 1072"/></Shape>
	    <String CONTENT="EſcouteZ donc le reſte, &amp; me laiſſeZ parler;"
                    HPOS="622"
                    VPOS="876"
                    WIDTH="2527"
                    HEIGHT="255"></String>
          </TextLine>
          <TextLine ID="tl_5"
                    TAGREFS="LT188"
                    BASELINE="613 1249 736 1251 1184 1249 1528 1242 1722 1298 1892 1241 2336 1233 2456 1228 2624 1230 2916 1229" 
                    HPOS="607"
                    VPOS="1082"
                    WIDTH="2307"
                    HEIGHT="235">
            <Shape><Polygon POINTS="2106 1096 2057 1096 2008 1091 1998 1087 1973 1091 1939 1121 1841 1091 1537 1126 1249 1096 1234 1096 1204 1116 1180 1126 607 1116 612 1297 822 1278 881 1292 960 1317 969 1317 1106 1287 1151 1282 1175 1287 1239 1312 1258 1312 1307 1273 1425 1273 1665 1307 1836 1273 2022 1307 2419 1263 2493 1258 2777 1297 2914 1253 2909 1111 2860 1082 2610 1111 2522 1082 2507 1082 2424 1116 2400 1116 2145 1087 2106 1096"/></Shape>
	    <String CONTENT="Il n&#x27;auoit point icy la Tyare à la teſte"
                    HPOS="607"
                    VPOS="1082"
                    WIDTH="2307"
                    HEIGHT="235"></String>
          </TextLine>
          <TextLine ID="tl_6"
                    TAGREFS="LT188"
                    BASELINE="615 1429 1062 1426 1342 1422 1663 1418 2247 1413 2409 1412 2771 1409 3207 1405 3333 1410 3418 1459 3536 1430" 
                    HPOS="607"
                    VPOS="1248"
                    WIDTH="2924"
                    HEIGHT="245">
            <Shape><Polygon POINTS="1782 1278 1733 1292 1684 1292 1655 1282 1572 1268 1307 1297 607 1282 612 1424 617 1483 695 1449 871 1473 881 1473 974 1449 1111 1493 1131 1493 1141 1483 1185 1454 1400 1444 1567 1469 1577 1469 1616 1449 1660 1488 1680 1488 1758 1444 1875 1444 2071 1473 2233 1449 2258 1469 2258 1473 2282 1473 2336 1439 2527 1483 2542 1483 2546 1488 2835 1488 2835 1483 2845 1483 2919 1434 3090 1478 3095 1483 3531 1483 3531 1429 3521 1287 3413 1248 3242 1273 3120 1248 3105 1248 3105 1253 3066 1282 2806 1258 2806 1263 2777 1287 2772 1282 2669 1253 2468 1253 2468 1258 2434 1282 2434 1287 2429 1282 2365 1253 2351 1253 2233 1287 2179 1253 2160 1253 2101 1282 2081 1297 1949 1297 1895 1258 1831 1258 1782 1278"/></Shape>
	    <String CONTENT="Comme aux iours ſolemnels de noſtre grande feſte;"
                    HPOS="607"
                    VPOS="1248"
                    WIDTH="2924"
                    HEIGHT="245"></String>
          </TextLine>
          <TextLine ID="tl_7"
                    TAGREFS="LT188"
                    BASELINE="614 1613 809 1610 1219 1607 1488 1658 1973 1596 2295 1593 2625 1588 3135 1587 3327 1608" 
                    HPOS="607"
                    VPOS="1424"
                    WIDTH="2718"
                    HEIGHT="245">
            <Shape><Polygon POINTS="612 1611 612 1640 724 1664 734 1664 822 1630 1244 1625 1327 1664 1332 1664 1337 1669 1493 1669 1493 1664 1905 1615 2179 1635 2326 1611 2360 1635 2380 1635 2439 1606 2483 1635 2498 1635 2664 1606 2703 1640 2708 1640 2708 1645 2723 1645 2777 1640 2948 1611 3022 1640 3051 1640 3105 1611 3320 1635 3325 1606 3315 1464 2929 1464 2880 1424 2865 1424 2713 1464 2674 1469 2640 1464 2493 1429 2478 1429 2439 1464 2419 1478 2164 1478 2140 1464 2111 1439 2091 1439 2008 1478 1969 1464 1920 1439 1631 1464 1346 1483 925 1454 793 1459 793 1464 759 1493 710 1464 710 1459 607 1459 612 1611"/></Shape>
	    <String CONTENT="Ou tirant trop d’eſclat d&#x27;vn riche veſtement,"
                    HPOS="607"
                    VPOS="1424"
                    WIDTH="2718"
                    HEIGHT="245"></String>
          </TextLine>
          <TextLine ID="tl_8"
                    TAGREFS="LT188"
                    BASELINE="600 1791 723 1789 881 1786 1081 1784 1237 1786 1425 1781 1757 1776 1885 1771 2161 1772 2901 1787" 
                    HPOS="592"
                    VPOS="1606"
                    WIDTH="2307"
                    HEIGHT="210">
            <Shape><Polygon POINTS="1724 1625 1694 1625 1694 1630 1660 1650 1626 1635 1626 1640 1577 1645 1528 1650 1479 1655 1430 1650 1386 1640 1361 1645 1346 1630 1332 1630 1293 1620 1234 1650 1013 1650 950 1611 940 1611 891 1611 739 1640 602 1606 597 1787 592 1816 2894 1797 2899 1782 2899 1659 2527 1620 2522 1620 2409 1645 2390 1650 2365 1645 2272 1615 2267 1615 2262 1615 2130 1640 2096 1645 2066 1640 1993 1615 1988 1615 1983 1615 1978 1615 1973 1615 1973 1620 1954 1635 1939 1655 1782 1655 1753 1630 1743 1620 1724 1625"/></Shape>
	    <String CONTENT="Il obligeoit les Iuifs à dire hautement,"
                    HPOS="592"
                    VPOS="1606"
                    WIDTH="2307"
                    HEIGHT="210"></String>
          </TextLine>
          <TextLine ID="tl_9"
                    TAGREFS="LT188"
                    BASELINE="593 2006 1064 1962 1203 2011 1798 1975 2017 1992 2136 1952 2492 1947 3096 1964" 
                    HPOS="587"
                    VPOS="1782"
                    WIDTH="2508"
                    HEIGHT="264">
            <Shape><Polygon POINTS="2772 1782 2742 1782 2703 1821 2679 1816 2537 1801 2488 1826 2488 1821 2449 1787 2449 1782 2341 1782 2262 1821 2248 1831 2223 1826 2106 1787 2086 1787 2086 1792 2042 1831 1993 1811 1978 1811 1871 1841 1817 1831 1675 1797 1665 1797 1508 1846 1464 1831 1371 1806 1356 1806 1268 1831 1097 1811 1009 1855 969 1841 940 1826 925 1826 817 1860 739 1821 729 1821 587 1841 592 2022 817 2046 852 2017 871 2007 1239 2037 1464 2002 1640 2027 1738 1992 1851 1997 2106 2017 2106 2012 2140 1978 2439 1978 2463 1988 2493 2007 2507 2007 2782 2002 2826 1968 3090 1973 3095 1963 3085 1816 2845 1816 2791 1782 2772 1782"/></Shape>
	    <String CONTENT="Qu&#x27;vne ſi glorieuſe, &amp; ſi noble perſonne,"
                    HPOS="587"
                    VPOS="1782"
                    WIDTH="2508"
                    HEIGHT="264"></String>
          </TextLine>
          <TextLine ID="tl_10"
                    TAGREFS="LT188"
                    BASELINE="585 2152 1144 2143 1324 2138 1720 2134 1886 2133 2352 2126 2554 2169 2728 2125 3208 2123 3376 2123" 
                    HPOS="577"
                    VPOS="1973"
                    WIDTH="2797"
                    HEIGHT="215">
            <Shape><Polygon POINTS="1998 1988 1959 1988 1900 2012 1777 1983 1758 1983 1714 2012 1714 2007 1680 1992 1670 1992 1366 2017 1312 2017 1293 2002 1263 2007 1214 2007 1131 1988 1102 1988 1102 1992 1062 2022 1013 2022 685 1992 675 1997 626 2002 622 1992 577 2017 582 2188 1170 2159 1278 2183 1322 2188 1621 2154 1773 2179 1807 2179 1983 2159 2013 2174 2037 2183 2047 2183 2150 2174 2326 2149 2385 2179 2395 2179 2507 2169 2713 2144 2889 2164 3017 2174 3369 2154 3374 2120 3364 1988 2919 2002 2816 1973 2801 1973 2718 2002 2689 1997 2610 1973 2600 1973 2351 2002 2282 2007 2267 2002 2238 1978 2081 1978 2081 1983 2076 1983 2057 2007 2052 2002 1998 1983 1998 1988"/></Shape>
	    <String CONTENT="Meritoit de porter la Mytre &amp; la Couronne."
                    HPOS="577"
                    VPOS="1973"
                    WIDTH="2797"
                    HEIGHT="215"></String>
          </TextLine>
          <TextLine ID="tl_11"
                    TAGREFS="LT188"
                    BASELINE="592 2324 719 2325 916 2325 1172 2375 1669 2317 1977 2306 2145 2308 2471 2308 3099 2302 3154 2317" 
                    HPOS="582"
                    VPOS="2139"
                    WIDTH="2567"
                    HEIGHT="240">
            <Shape><Polygon POINTS="2581 2159 2532 2164 2522 2159 2468 2169 2355 2183 2282 2149 2267 2149 2120 2188 2081 2159 2081 2154 1959 2154 1866 2174 1777 2198 1302 2198 1249 2174 1234 2174 1170 2208 1048 2174 1038 2174 778 2213 582 2183 587 2355 1239 2379 1591 2340 1611 2350 1635 2369 1939 2365 1939 2360 1973 2330 2042 2350 2052 2350 2194 2325 2213 2345 2223 2350 2223 2355 2248 2355 2292 2330 3139 2335 3149 2316 3144 2169 2791 2174 2777 2169 2733 2139 2595 2149 2581 2159"/></Shape>
	    <String CONTENT="le ne l&#x27;ay reconnu qu&#x27;a la voix ſeulement;"
                    HPOS="582"
                    VPOS="2139"
                    WIDTH="2567"
                    HEIGHT="240"></String>
          </TextLine>
          <TextLine ID="tl_12"
                    TAGREFS="LT188"
                    BASELINE="590 2502 713 2501 1221 2500 1605 2495 1779 2494 2183 2488 3019 2500" 
                    HPOS="582"
                    VPOS="2325"
                    WIDTH="2435"
                    HEIGHT="235">
            <Shape><Polygon POINTS="1469 2340 1420 2345 1371 2355 1175 2374 1077 2360 1028 2345 930 2325 778 2330 778 2335 754 2360 675 2330 661 2330 587 2360 587 2497 582 2556 1018 2556 1018 2551 1028 2551 1057 2526 1155 2551 1175 2551 1175 2546 1214 2516 1337 2541 1498 2511 1704 2536 2052 2521 2130 2560 2233 2560 2233 2556 2243 2556 2292 2516 2385 2556 2404 2556 2473 2516 2777 2516 2826 2556 2845 2556 2933 2516 3007 2526 3017 2497 3017 2369 2943 2335 2654 2365 2615 2335 2615 2330 2258 2330 2189 2365 2096 2330 2081 2330 1944 2365 1866 2330 1851 2330 1748 2365 1704 2330 1680 2330 1631 2360 1601 2335 1601 2330 1582 2330 1503 2360 1479 2335 1469 2340"/></Shape>
	    <String CONTENT="Il ſembloit retiré de l&#x27;onde fraiſchement,"
                    HPOS="582"
                    VPOS="2325"
                    WIDTH="2435"
                    HEIGHT="235"></String>
          </TextLine>
          <TextLine ID="tl_13"
                    TAGREFS="LT188"
                    BASELINE="594 2684 819 2684 1151 2683 1471 2676 1911 2670 2237 2666 2881 2662 3203 2677" 
                    HPOS="587"
                    VPOS="2502"
                    WIDTH="2611"
                    HEIGHT="235">
            <Shape><Polygon POINTS="592 2683 592 2727 759 2702 798 2727 817 2727 915 2707 935 2727 940 2727 940 2732 950 2732 955 2737 1562 2737 1562 2732 1616 2727 1807 2693 2351 2727 2546 2688 2865 2688 2919 2712 3120 2688 3183 2717 3198 2673 3193 2511 3115 2502 3051 2541 2992 2511 2968 2502 2953 2502 2875 2536 2811 2502 2796 2502 2738 2516 2664 2541 2546 2502 2537 2502 2429 2507 2360 2556 2179 2556 2120 2531 2052 2507 1660 2507 1586 2541 1552 2560 1361 2560 1302 2511 1278 2511 1214 2560 720 2560 666 2511 641 2511 587 2546 592 2683"/></Shape>
	    <String CONTENT="Son corps eſtoit enflé l&#x27;eau qu&#x27;il auoit beuë,"
                    HPOS="587"
                    VPOS="2502"
                    WIDTH="2611"
                    HEIGHT="235"></String>
          </TextLine>
          <TextLine ID="tl_14"
                    TAGREFS="LT188"
                    BASELINE="601 2864 796 2862 1284 2858 1546 2856 2077 2899 2305 2901 3582 2857" 
                    HPOS="592"
                    VPOS="2663"
                    WIDTH="2988"
                    HEIGHT="260">
            <Shape><Polygon POINTS="3178 2673 3149 2678 3095 2702 2968 2668 2953 2668 2860 2717 2664 2717 2605 2673 2581 2673 2581 2678 2532 2722 2253 2722 2199 2683 1743 2688 1719 2712 1689 2693 1675 2688 1655 2688 1655 2693 1650 2693 1616 2727 1449 2707 1244 2737 592 2707 597 2898 1645 2908 1684 2893 1724 2884 1773 2893 1866 2918 1871 2923 2209 2923 2209 2918 3575 2884 3580 2854 3570 2678 3458 2663 3389 2698 3345 2678 3330 2673 3315 2673 3222 2702 3188 2673 3178 2673"/></Shape>
	    <String CONTENT="Ses cheueux tous moüilleZ luy tomboient ſur la veuë,"
                    HPOS="592"
                    VPOS="2663"
                    WIDTH="2988"
                    HEIGHT="260"></String>
          </TextLine>
          <TextLine ID="tl_15"
                    TAGREFS="LT188"
                    BASELINE="605 3039 832 3038 1090 3040 1552 3034 1966 3030 2130 3027 2518 3025 2696 3021 2900 3020 3288 3034" 
                    HPOS="597"
                    VPOS="2879"
                    WIDTH="2689"
                    HEIGHT="205">
            <Shape><Polygon POINTS="2850 2884 2811 2884 2723 2908 2679 2889 2458 2893 2331 2903 2311 2898 2262 2903 2179 2903 2169 2908 2155 2908 2062 2898 2018 2898 1920 2889 1871 2884 1856 2879 1822 2908 1817 2908 1733 2879 1719 2879 1611 2913 969 2913 964 2903 940 2884 940 2879 920 2879 847 2903 822 2908 675 2879 597 2898 602 3070 1297 3080 1395 3050 1440 3084 1459 3084 1537 3055 1758 3084 1807 3050 1826 3060 1841 3075 2174 3050 2228 3084 2253 3084 2297 3050 2542 3050 2586 3055 2752 3084 2767 3084 2767 3080 2806 3050 2987 3084 3002 3084 3046 3050 3071 3050 3242 3075 3257 3075 3286 3055 3281 2903 3232 2879 3218 2879 3080 2913 2904 2913 2855 2879 2850 2884"/></Shape>
	    <String CONTENT="Les flots auoient eſteint la clarté de ſes yeux,"
                    HPOS="597"
                    VPOS="2879"
                    WIDTH="2689"
                    HEIGHT="205"></String>
          </TextLine>
          <TextLine ID="tl_16"
                    TAGREFS="LT188"
                    BASELINE="638 3203 857 3218 933 3217 1387 3215 1545 3212 2093 3205 2614 3255 2999 3197 3173 3195 3405 3191 3585 3203" 
                    HPOS="631"
                    VPOS="3040"
                    WIDTH="2949"
                    HEIGHT="226">
            <Shape><Polygon POINTS="636 3202 631 3266 1175 3266 1175 3261 1190 3261 1312 3231 1635 3261 1665 3256 1753 3231 2385 3236 2419 3266 2434 3266 2909 3231 3570 3241 3580 3202 3575 3060 3017 3045 3007 3055 2963 3080 2615 3050 2512 3045 2424 3084 2258 3060 1969 3094 1361 3070 1146 3089 1062 3055 1048 3055 974 3094 803 3094 759 3050 759 3045 636 3040 636 3202"/></Shape>
	    <String CONTENT="Oui s&#x27;eſtoient en mourant tourneZ deuers les Cieux;"
                    HPOS="631"
                    VPOS="3040"
                    WIDTH="2949"
                    HEIGHT="226"></String>
          </TextLine>
          <TextLine ID="tl_17"
                    TAGREFS="LT188"
                    BASELINE="612 3399 731 3397 1243 3394 1487 3392 1899 3386 2289 3381 2695 3379 2993 3375" 
                    HPOS="602"
                    VPOS="3226"
                    WIDTH="2390"
                    HEIGHT="226">
            <Shape><Polygon POINTS="2659 3246 2610 3251 2561 3251 2551 3246 2542 3261 2150 3261 1993 3226 1978 3226 1978 3231 1969 3236 1939 3266 1812 3266 1782 3236 1777 3236 1777 3231 1675 3231 1635 3266 1547 3236 1528 3231 1508 3231 1454 3270 1219 3270 1185 3236 999 3236 999 3241 964 3275 896 3275 862 3241 862 3236 837 3236 768 3270 729 3236 602 3236 607 3422 705 3452 1043 3417 1092 3417 1376 3447 1493 3408 1547 3442 1733 3447 1895 3403 2297 3403 2414 3432 2429 3432 2493 3403 2556 3432 2576 3432 2576 3427 2615 3398 2718 3398 2791 3437 2796 3437 2801 3442 2924 3442 2924 3437 2933 3437 2992 3393 2978 3236 2703 3256 2664 3241 2659 3246"/></Shape>
	    <String CONTENT="Il ſembloit que l&#x27;effort d&#x27;vne cruelle rage"
                    HPOS="602"
                    VPOS="3226"
                    WIDTH="2390"
                    HEIGHT="226"></String>
          </TextLine>
          <TextLine ID="tl_18"
                    TAGREFS="LT188"
                    BASELINE="614 3579 985 3575 1331 3572 1871 3567 2263 3559 2493 3559 2711 3557 3187 3575" 
                    HPOS="607"
                    VPOS="3408"
                    WIDTH="2576"
                    HEIGHT="215">
            <Shape><Polygon POINTS="612 3574 607 3613 984 3589 1170 3618 1209 3613 1307 3589 1562 3613 1631 3608 1777 3589 1851 3618 1866 3618 1969 3589 2248 3618 2351 3589 2385 3599 2493 3618 2757 3589 2791 3618 2801 3618 2806 3623 3080 3623 3080 3618 3178 3584 3183 3574 3178 3452 2978 3408 2728 3442 2625 3408 2444 3442 2409 3412 2409 3408 2302 3408 2209 3447 2106 3412 2086 3412 2086 3417 2057 3442 1949 3422 1631 3447 1582 3408 1557 3408 1523 3437 1493 3412 1493 3408 1376 3408 1297 3447 1253 3408 1234 3408 1151 3447 1062 3408 1048 3408 930 3452 612 3452 612 3574"/></Shape>
	    <String CONTENT="Auoit laißé l&#x27;horreur peinte ſur ſon viſage,"
                    HPOS="607"
                    VPOS="3408"
                    WIDTH="2576"
                    HEIGHT="215"></String>
          </TextLine>
          <TextLine ID="tl_19"
                    TAGREFS="LT188"
                    BASELINE="625 3759 802 3756 1062 3752 1246 3752 1567 3800 2081 3801 2374 3740 2600 3738 2926 3735 3068 3730 3576 3741" 
                    HPOS="617"
                    VPOS="3584"
                    WIDTH="2958"
                    HEIGHT="220">
            <Shape><Polygon POINTS="622 3755 622 3780 2238 3804 2253 3804 2297 3770 2419 3804 2434 3804 2507 3770 2875 3770 2943 3804 2963 3804 3022 3765 3394 3765 3438 3794 3458 3794 3575 3760 3575 3736 3565 3584 3374 3608 3247 3589 3188 3618 3159 3599 3134 3599 3100 3623 2811 3589 2791 3589 2649 3623 2517 3589 2468 3589 2238 3623 2062 3594 2008 3589 1988 3594 1905 3628 1440 3628 1395 3589 1376 3589 1283 3618 1190 3594 1170 3594 1126 3628 925 3628 906 3603 896 3599 896 3594 876 3594 817 3623 773 3603 734 3589 724 3589 617 3603 622 3755"/></Shape>
	    <String CONTENT="Et que de ſang meurtry tout ſon teint ſe couuriſt,"
                    HPOS="617"
                    VPOS="3584"
                    WIDTH="2958"
                    HEIGHT="220"></String>
          </TextLine>
          <TextLine ID="tl_20"
                    TAGREFS="LT188"
                    BASELINE="621 3937 804 3934 962 3931 1386 3931 1724 3928 2104 3923 2464 3920 2858 3914 3282 3907 3400 3901" 
                    HPOS="612"
                    VPOS="3755"
                    WIDTH="2787"
                    HEIGHT="230">
            <Shape><Polygon POINTS="1591 3804 1542 3799 1464 3785 1415 3799 1293 3775 1278 3775 1263 3790 1224 3814 1111 3775 1097 3775 984 3804 960 3780 940 3780 842 3809 798 3780 612 3794 617 3961 871 3985 1033 3956 1346 3956 1400 3980 1415 3980 1528 3951 1577 3956 1694 3976 1875 3946 1964 3971 1973 3971 2243 3941 2316 3956 2385 3966 2390 3971 2576 3971 2576 3966 2581 3966 2605 3951 2640 3936 3394 3946 3399 3897 3389 3760 3105 3760 2997 3799 2850 3799 2777 3765 2747 3755 2728 3755 2728 3760 2718 3765 2689 3799 2576 3804 1616 3809 1606 3804 1591 3804"/></Shape>
	    <String CONTENT="Et ſa bouche eſtoit morte encor qu&#x27;elle s&#x27;ouuriſt."
                    HPOS="612"
                    VPOS="3755"
                    WIDTH="2787"
                    HEIGHT="230"></String>
          </TextLine>
          <TextLine ID="tl_21"
                    TAGREFS="LT188"
                    BASELINE="766 4114 961 4111 1371 4109 1607 4105 2039 4102 2122 4122 2367 4100 2621 4096 2847 4092 3347 4104" 
                    HPOS="759"
                    VPOS="3941"
                    WIDTH="2586"
                    HEIGHT="211">
            <Shape><Polygon POINTS="764 4113 764 4132 1214 4152 1229 4152 1229 4147 1253 4127 1395 4147 1660 4122 2101 4152 2292 4127 2351 4122 2507 4152 2556 4127 2581 4118 2782 4142 2860 4118 3335 4122 3345 4103 3340 3976 3154 3946 2821 3976 2796 3976 2762 3946 2762 3941 2566 3941 2444 3980 1469 3946 1425 3985 759 3985 764 4113"/></Shape>
	    <String CONTENT="Ses propos dés l&#x27;abord, ont eſté des iniures,"
                    HPOS="759"
                    VPOS="3941"
                    WIDTH="2586"
                    HEIGHT="211"></String>
          </TextLine>
          <TextLine ID="tl_22"
                    TAGREFS="LT188"
                    BASELINE="622 4293 879 4292 1445 4287 2001 4282 2095 4281 2429 4278 2713 4273 3097 4270 3407 4266 3573 4228" 
                    HPOS="612"
                    VPOS="4103"
                    WIDTH="2958"
                    HEIGHT="264">
            <Shape><Polygon POINTS="3208 4103 3188 4103 3124 4142 3120 4147 3071 4127 3061 4127 2938 4152 2880 4108 2762 4108 2689 4142 2654 4162 2439 4162 2380 4118 2360 4118 2272 4167 1885 4167 1836 4127 1836 4122 1738 4122 1694 4137 1626 4167 1596 4137 1586 4132 1586 4127 1278 4127 1214 4176 1126 4142 1116 4142 876 4181 612 4137 617 4328 945 4328 1053 4367 1072 4367 1072 4362 1111 4328 1195 4358 1204 4358 1376 4318 1444 4362 1454 4362 1459 4367 1626 4367 1626 4362 1733 4358 1733 4353 1777 4313 1978 4358 1993 4358 1993 4353 2032 4313 2096 4338 2106 4338 2218 4313 2316 4353 2331 4353 2444 4304 2669 4348 3227 4294 3335 4338 3345 4338 3570 4284 3570 4225 3555 4147 3389 4118 3379 4118 3271 4147 3213 4103 3208 4103"/></Shape>
	    <String CONTENT="Des reproches ſanglans: mais tous pleins d&#x27;impo¬"
                    HPOS="612"
                    VPOS="4103"
                    WIDTH="2958"
                    HEIGHT="264"></String>
          </TextLine>
          <TextLine ID="tl_23"
                    TAGREFS="LT188"
                    BASELINE="897 4509 1135 4471 1271 4466" 
                    HPOS="871"
                    VPOS="4333"
                    WIDTH="397"
                    HEIGHT="191">
            <Shape><Polygon POINTS="896 4504 896 4524 1268 4485 1268 4465 1244 4333 871 4333 896 4504"/></Shape>
	    <String CONTENT="ſtures."
                    HPOS="871"
                    VPOS="4333"
                    WIDTH="397"
                    HEIGHT="191"></String>
          </TextLine>
          <TextLine ID="tl_24"
                    TAGREFS="LT188"
                    BASELINE="617 4639 734 4643 846 4640 1104 4646 1492 4642 1781 4692 2110 4641 2696 4635 2974 4651" 
                    HPOS="607"
                    VPOS="4480"
                    WIDTH="2366"
                    HEIGHT="211">
            <Shape><Polygon POINTS="950 4500 901 4504 896 4490 891 4495 842 4509 739 4480 607 4490 612 4676 759 4661 901 4691 1111 4661 1160 4691 1175 4691 1361 4676 1503 4661 1528 4671 1552 4686 1915 4691 2135 4666 2169 4666 2380 4691 2453 4666 2478 4661 2556 4686 2566 4686 2968 4661 2973 4646 2968 4519 2835 4519 2831 4514 2767 4480 2757 4480 2591 4519 2385 4519 2380 4509 2351 4485 2351 4480 1939 4480 1939 4485 1905 4514 1880 4504 1792 4480 1777 4480 1680 4514 1552 4504 1376 4485 1366 4485 1302 4519 1087 4519 999 4490 950 4500"/></Shape>
	    <String CONTENT="Il a fait contre moy mille imprecations,"
                    HPOS="607"
                    VPOS="4480"
                    WIDTH="2366"
                    HEIGHT="211"></String>
          </TextLine>
          <TextLine ID="tl_25"
                    TAGREFS="LT188"
                    BASELINE="615 4817 734 4817 1060 4869 1402 4823 1880 4821 2060 4821 2844 4812 2932 4827" 
                    HPOS="607"
                    VPOS="4646"
                    WIDTH="2322"
                    HEIGHT="226">
            <Shape><Polygon POINTS="1973 4661 1964 4661 1910 4705 1616 4705 1537 4656 1518 4656 1351 4705 1209 4705 1160 4661 1160 4656 1141 4656 1072 4681 1018 4656 1004 4656 901 4705 808 4656 607 4676 612 4813 622 4872 651 4847 1557 4872 1792 4842 2782 4862 2821 4837 2914 4862 2929 4823 2924 4695 2698 4695 2654 4651 2654 4646 2444 4651 2400 4691 2346 4651 2321 4651 2321 4656 2277 4691 2267 4705 2057 4705 2047 4691 2008 4656 2008 4651 1973 4661"/></Shape>
	    <String CONTENT="Il m&#x27;eſt venu charger de maledictions,"
                    HPOS="607"
                    VPOS="4646"
                    WIDTH="2322"
                    HEIGHT="226"></String>
          </TextLine>
          <TextLine ID="tl_26"
                    TAGREFS="LT188"
                    BASELINE="610 5004 881 4996 1227 5005 1443 4999 1965 4998 2201 4994 2429 4996 2711 4991 3257 4988" 
                    HPOS="602"
                    VPOS="4828"
                    WIDTH="2650"
                    HEIGHT="225">
            <Shape><Polygon POINTS="1239 4842 1190 4852 1043 4867 994 4862 945 4852 935 4847 915 4857 871 4872 827 4837 602 4857 607 5028 945 5053 1307 5023 1395 5023 1670 5053 1841 5019 2062 5048 2155 5019 2184 5048 2194 5048 2199 5053 2551 5053 2551 5048 2561 5048 2615 5014 3247 5009 3252 4984 3242 4852 3012 4828 2997 4828 2973 4852 2948 4867 2777 4837 2693 4872 2375 4872 2336 4837 2336 4833 2316 4833 2243 4867 2184 4852 2086 4833 1777 4872 1572 4842 1366 4872 1268 4837 1239 4842"/></Shape>
	    <String CONTENT="Ma parlé des rigueurs ſur ſon pere exercées,"
                    HPOS="602"
                    VPOS="4828"
                    WIDTH="2650"
                    HEIGHT="225"></String>
          </TextLine>
          <TextLine ID="tl_27"
                    TAGREFS="LT188"
                    BASELINE="612 5186 817 5185 1383 5181 1661 5179 1859 5179 2249 5176 2379 5179 2665 5172 2767 5221 3503 5146 3567 5140" 
                    HPOS="597"
                    VPOS="4960"
                    WIDTH="2968"
                    HEIGHT="328">
            <Shape><Polygon POINTS="607 5185 607 5254 886 5249 901 5254 930 5273 945 5273 1204 5234 1244 5263 1263 5263 1395 5229 1464 5283 1474 5283 1479 5288 1577 5288 1577 5283 1582 5283 1724 5210 1988 5249 2258 5195 2302 5224 2360 5219 2434 5205 2468 5214 2586 5259 2595 5259 3565 5185 3565 5136 3555 5009 3458 5009 3399 4960 3379 4960 3222 5023 2453 5053 2346 4999 2326 4999 2326 5004 2282 5048 2179 5063 2140 5033 2115 5033 2047 5068 1866 5058 1836 5038 1787 5014 1777 5014 1645 5043 1547 5068 1454 5043 1435 5043 1400 5072 1361 5043 597 5063 607 5185"/></Shape>
	    <String CONTENT="M&#x27;imputant tous les maux de nos guerres paſſées:"
                    HPOS="597"
                    VPOS="4960"
                    WIDTH="2968"
                    HEIGHT="328"></String>
          </TextLine>
        </TextBlock>
      </PrintSpace>
    </Page>
  </Layout>
</alto>
