3796 5856
857 235 1371 207 TRAGEDIE.

2872 273 186 258 13

78 483 2643 175 Et i'ay tant de faueur aupres de ſon Genie,

73 605 2306 239 Que i'y ſuis aſſeuré contre la calomnie:

58 785 2858 220 Ceux qu'il aime le mieux d'entre ſes Courtiſans

68 966 2716 224 Font cas de ma vertu, comme de mes preſens;

68 1146 2614 215 Et i'ay mille ſecrets par où le Iourdain libre

58 1322 2448 220 N'a point à redouter la colere du Tybre.

244 1503 2682 219 De tout autre coſté, pour brauer le mal-heur

53 1673 2492 249 Ie ſuis aſſeZ muny de force & de valeur:

58 1849 2873 239 Que l'Arabe, le Parthe, & l'Armenie entiere,

63 2034 2418 235 De trente légions menaſſent la frontiere,

58 2225 2462 229 Auec vn camp volant i'iray les afronter,

63 2391 2609 210 Et feray leurs deſſeins à leur honte auorter.

63 2581 2785 225 I'iray les repouſſer au fond de leurs Prouinces,

68 2752 2838 234 Et par tant de progreZ humilier leurs Princes,

63 2937 2721 230 Qu'ils viendront confeſſer en receuant ma loy,

53 3118 2526 244 Qu'on ne profite guere à s'attaquer à moy.

1035 3450 987 224 SALOME.

58 3811 2839 234 Les Princes vos voiſins ſçauent voſtre courage;

63 3991 2731 239 Ils en ont fait l’eſſay dés voſtre plus bas aage:

63 4157 2648 225 Ils preſteront l'oreille à des conſeils meilleurs,

68 4343 2565 219 Et leur ambition prendra ſon cours ailleurs.

1099 4675 996 244 HERODE.

63 5026 2951 254 Ie n'auois pas quinZe ans lors que ie pris les armes,

78 5221 2858 283 Lors que i'allay chercher la mort dans les alarmes,

2281 5446 293 190 B iij
