3796 5856
439 278 220 161 24

1089 224 1666 181 LA MARIANE,

444 395 2511 224 Lors que l'on eſt reduit à ceſte extremité,

454 561 2149 253 De ne pouuoir agir auecque liberté.

1363 888 1182 224 MARIANE.

473 1268 2990 249 Moy? que ie me contraigne? eſtant d'vne naiſſance,

473 1464 2648 234 Qui peut impunément prendre toute licence,

478 1644 2248 220 Et qui ſans abuſer de ceſte authorité,

478 1800 2526 254 Ne reigle mes deſirs que par l'honneſteté?

488 1986 2892 253 Que mon cœur ſe deſmente, & trouue du merite

483 2176 2971 229 A plaire au ſentiment, d'vn Barbare, d'vn Scythe.

483 2352 1637 263 Meurtrier de mes parens?

1651 2684 664 268 DINA.

2178 3025 1285 298 Madame parleZ bas.

1416 3401 1178 244 MARIANE.

503 3786 2760 279 Si mon corps eſt captif, mon ame ne l'eſt pas.

498 3986 2687 249 Ie laiſſe la contrainte aux ſeruiles perſonnes,

498 4172 2995 239 Ie ſors de trop d'ayeuls qui portoient des Couronnes,

493 4348 2633 258 Pour auoir la penſée, & le front differans,

517 4538 2555 229 Et deuenir Eſclaue en faueur des Tyrans.

512 4699 3000 254 Qu'Herode m'importune, ou d'amour, ou de haine,

522 4855 2995 298 On me verra touſiours viure & mourir en Reine.

3102 5328 415 288 DINA.
