3796 5868
939 151 1276 205 TRAGEDIE.

2998 215 176 176 27

166 376 2759 171 Que dans la Paleſtine on eſleuoit vn homme

176 503 2984 240 Qui valoit bien les Dieux qu'on adoroit à Rome.

180 669 2622 284 Le peuple que ſa veuë au Temple rauiſſoit,

180 850 2466 260 Admirant ſes apas tout haut le beniſſoit;

180 1046 2510 220 Et ce Tyran cruel en conceut tant d'enuie

176 1222 2773 230 Qu'il fit ſoudain trancher le beau fil de ſa vie;

185 1393 2295 215 Ce clair Soleil leuant adoré de la Cour

176 1569 2993 264 Se plongea dans les eaux comme l'Aſtre du iour,

185 1750 2588 264 Et n'en reſſortit pas en ſa beauté premiere,

185 1946 2671 230 Car il en fut tiré ſans force & ſans lumiere.

347 2117 2426 239 Et puis qu'apres cela ie flatte l’inhumain

176 2308 2881 220 Qui ne vient que d'oſter la vie à mon germain?

166 2464 2891 269 Pluſtoſt le feu me bruſle, ou l'onde ſon contraire

180 2660 2588 274 Rende mon ſort pareil à celuy de mon frere.

1266 2870 847 249 DINA.

190 3168 2999 318 Tous ces traits de mal-heur depuis longtemps paſſeZ

180 3359 2437 288 De voſtre ſouuenir doiuent eſtre effaceZ:

180 3555 2578 210 Faut-il qu'à tous propos cette triſte peinture

176 3740 2671 201 Renouuelle vos pleurs ſur vne vieille iniure?

176 3916 2993 240 Que touſiours voſtre eſprit en vos ans les plus beaux

176 4092 2597 225 Erre ſi triſtement à l'entour des tombeaux?

176 4273 2700 230 Madame, faites tréfue auecque ſes pensées,

180 4449 2260 220 Vos celeſtes beautés y ſont intereßées,

180 4625 2662 220 Voſtre teint composé des plus aimables fleurs,

176 4806 2959 245 Sert trop long-temps de lit à des ruiſſeaux de pleurs.

180 4987 2828 235 Le temps & la raiſon ſans doute vous inuitent

176 5149 2739 313 A bannir ces ennuis qui vos iours precipitent:

2509 5388 289 264 D ij
