3796 5868
3008 205 186 181 25

949 78 1350 244 TRAGEDIE.

1306 352 665 190 DINA.

146 625 2676 250 Madame, le Palais eſt tout plein d'eſpions

141 816 2686 230 Qui veillent iour & nuit deſſus vos actions;

141 997 2823 245 Depuis vn certain temps Salome tient à gages

122 1154 2715 308 Pour cét office ſeul, des filles & des Pages,

132 1344 2631 255 Sans ceſſe à cette porte ils viennent eſcouter

132 1520 3052 279 Quels ſont tous vos propos, qu'ils luy vont rapporter

1017 1760 1203 240 MARIANE.

117 2048 2656 274 N'importe, laiſſons les eſcouter à leur aiſe,

112 2254 2999 249 Ils n'auront pas le bien d’ouïr rien qu'il luy plaiſt.

1125 2459 963 235 DINA

112 2748 2759 322 Le Roy vous a-t'il fait quelque nouuel ennuy

107 2968 3018 274 Pour cauſer ces deſdains que vous auez pour luy?

973 3344 1174 250 MARIANE.

97 3696 2681 255 Quoy? t'imagines-tu que la tragique hiſtoire

97 3897 2989 239 De mes plus chers parents ſorte de ma memoire?

97 4058 2975 240 Touſiours les vieux Hircane & mon fiere meurtris

88 4239 2401 254 Me viennent affliger de pitoyables cris;

88 4405 2876 269 Soit lors que ie repoſe, ou ſoit lors que ie veille,

88 4577 2984 283 Leur plainte à tous moments viẽt frapper mon oreille;

88 4743 2768 298 Ils s'offrent à toute heure à mes yeux eſplorez,

88 4929 2582 352 Ie les voy tous ſanglans & tous défigureZ

2568 5207 112 201 D
