3796 5876
602 279 108 181 6

1200 225 1714 191 LA MARIANE,

597 450 2963 201 Le ſang qui tient de l'air, & reſpond au Printemps,

582 587 2866 220 Rend les moins fortuneZ en leurs ſonges contens:

582 773 2528 225 Sa douce exhalaiſon ne forme que des roſes,

582 945 2538 244 Des obiects eſgayeZ & d'agreables choſes:

582 1145 2253 216 Et la melancholie à la noire vapeur,

587 1312 2675 230 Ou ſe logent touſiours la triſteſſe & la peur,

568 1483 2703 250 Ne pouuant figurer que des images ſombres,

568 1659 2997 245 Nous fait voir des tombeaux, des ſpectres & des

876 1875 451 171 ombres.

577 2012 2631 255 C'eſt ainſi que chacun apperçoit en dormant

577 2203 2361 240 Les indices ſecrets de ſon temperament.

1650 2531 1029 255 HERODE.

577 2903 2851 265 Ainſi l'on ſongeroit touſiours les meſmes choſes?

1493 3251 1137 245 PHEROPE.

577 3603 2978 284 Les ſonges quelquefois viennent par d'autres cau¬

827 3834 279 230 ſes;

577 3990 2885 230 De meſme que les vns expriment nos humeurs,

568 4171 2855 226 Les autres bien ſouuent repreſentent nos mœurs.

582 4353 2729 235 L'ame d'vn homme noble, encore qu'il repoſe,

573 4504 2831 280 Meſpriſe la Fortune, & l'Honneur ſe propoſe:

582 4710 2489 245 Et celle du volleur, preuenant ſon deſtin,

577 4896 2709 216 Rencontre des Preuoſts, ou fait quelque butin.

582 5063 2611 249 De meſme l'vſurier en ſommeillant repaſſe,

587 5214 2959 333 Et les yeux & les mains ſur l'argent qu'il amaſſe:
