3796 5856
947 200 1363 229 TRAGEDIE.

2936 295 176 158 15

254 375 2525 249 O bon-heur imparfait! ô rigueur importune,

102 541 2985 273 I'ay pour mes compagnons l'Amour & la Fortune;

87 727 2898 253 Ils ne me quittent point, ils ſuiuent tous mes pas:

83 897 2867 259 Mais l'vn m'eſt fauorable, & l'autre ne l'eſt pas.

87 1058 2971 313 L'vn fait qu'à tout vn peuple auiourd'huy ie com¬

244 1263 479 191 mande,

87 1424 2722 254 Et l'autre me refuſe vn cœur que ie demande:

78 1615 2828 254 Vn cœur que ie ne puis ranger ſous mon pouuoir

78 1795 2516 244 En poſſedant le corps ou ie le ſens mouuoir.

239 1966 2614 278 Aueugles Deïtez, eſgalez mieux les choſes,

63 2132 2853 288 Meſlez moins de lauriers auecque plus de roſes,

63 2308 2917 278 Faites qu'auec plus d’heur, ie ſois moins renommé,

63 2522 2834 225 Et n'eſtant point ſi craint, que ie ſois plus aimé.

249 2698 2765 234 C'eſt auecque raiſon que mon humeur eſt ſombre,

53 2869 2975 259 Ma gloire n'eſt qu'vn ſonge, & ma grandeur

224 3045 875 224 qu'vne ombre:

48 3201 2536 273 Si lors que tout le monde en redoute l'effet,

39 3381 2520 283 Ie bruſle d’vn deſir qui n'eſt point ſatisfait.

991 3625 972 264 SALOME.

39 3918 2691 264 Depuis qu'en voſtre lict Mariane eſt entree,

43 4113 2223 215 Et par tant de ſoins elle eſt idolatree:

34 4274 2843 244 Voſtre Maiſon ſans ceſſe eſt ouuerte aux douleurs;

39 4465 2950 268 On n'obſerue en vous deux que plaintes & que pleurs

1030 4699 1021 239 HERODE.

24 4977 2961 269 Mes plaintes ſont touiours plus iuſtes que ſes larmes.

9 5148 2863 390 Pourquoy me parut-elle auecque tant de charmes,
