3796 5856
258 336 2697 239 Mille Rois glorieux ſont ſes dignes anceſtres,

244 512 2838 254 Et l'on peut la nommer la fille de nos Maiſtres.

1201 844 987 254 SALOME.

234 1205 2770 293 Elle en vZe donc bien, car on fait au Palais,

229 1420 2541 219 Qu'elle parle de nous comme de ſes valets.

229 1605 2814 234 Et c'eſt dequoy pourtant nous ne ferions que rire,

234 1776 2780 244 N'eſtoit mille diſcours que l'on nous vient redire,

210 1937 2330 293 Par ou ſon cœur ingrat, auec eſmotion,

224 2122 2467 274 Teſmoigne contre vous ſa noire intention,

1240 2474 1021 239 HERODE,

214 2845 2780 263 Nous ne pouuons iamais, auecque bien-ſeance,

214 3035 2844 249 Aux rapports des valets, donner tant de creance:

210 3201 2384 288 Ainſi que l'intereſt les a rendus flateurs,

210 3386 2389 239 Noſtre facilité les peut rendre menteurs;

210 3562 2452 259 Et meſme le menſonge eſt aſſez ordinaire,

205 3762 2648 264 A ces petites gens dont l'ame eſt mercenaire.

1113 4074 1109 274 SALOME.

200 4435 2960 298 Les miens n'ont pas le cœur, ny l'eſprit d'inuenter,

214 4640 2814 279 Tout ce que de la Reine ils me viennent conter.

1055 4880 1119 253 HERODE.

200 5167 2653 303 Appren nous quelque traict de ceſte violence?

1089 156 1295 219 TRAGEDIE.

3038 204 191 235 19

2452 5450 283 240 C ij
