4267 5738
1253 516 1210 153 DISCOURS

3214 445 115 119 3

574 693 2645 282 DE LA METHODE

674 1023 2464 244 Pour bien conduire ſa raiſon, & chercher

1128 1209 1522 215 la verité dans les ſciences.

521 1491 2751 192 Si ce diſcours ſemble trop long pour eſtre tout leu en vne fois, on le pour¬

631 1620 2636 177 ra diſtinguer en ſix parties. Et en la premiere on trouvera diuerſes

626 1735 2641 187 conſiderations touchant les ſciences. En la ſeconde, les principales regles

621 1845 2641 168 de la Methode que l'Autheur a cherchée. En la 3, quelques vues de

621 1955 2636 182 celles de la Morale qu'il a tirée, de cete Methode. En la 4, les raiſons

617 2094 2640 172 par leſquelles il prouue l'exiſtence de Dieu, & de l'ame humaine, qui

607 2185 2650 201 ſont les fondemens de ſa Metaphyſique. En la 5, l'ordre des queſtions

617 2299 2631 173 de Phyſique qu'il a cherchées, & particulierement l'explication du

607 2429 2641 177 mouuement du cœur, & de quelques autres difficulteZ qui appartie¬

597 2548 2646 167 nent a la Medecine, puis auſſy la difference qui eſt entre noſtre ame &

597 2668 2641 172 celle des beſtes. Et en la derniere, quelles choſes il croit eſtre requiſes

597 2759 2631 234 pour aller plus auant en la recherche de la Nature qu'il n'a eſté, &

588 2873 1158 158 quelles raiſons l'ont fait eſcrire.

1215 3122 1999 206 E bon ſens eſt la choſe du monde la

1219 3265 2000 211 mieux partagée: car chaſcun penſe en

1210 3423 2004 177 eſtre ſi bien pouruû, que ceux meſme qui

1205 3571 2004 182 ſont les plus difficiles a contenter en tou¬

1205 3734 2004 172 te autre choſe, n’ont point couſtume d’en

449 3858 2760 206 deſirer plus qu’ils en ont. En quoy il n’eſt pas vray ſem¬

454 4002 2755 196 blable que tous ſe trõpent: Mais plutoſt cela teſmoigne

444 4150 2761 196 que la puiſſance de bien iuger, & distinguer le vray

440 4298 2760 206 d’auec le faux, qui eſt proprement ce qu'on nomme le

440 4442 2750 215 bon sens, ou la raiſon, eſt naturellement eſgale en tous

430 4595 2760 191 les hommes; Et ainſi que la diuerſité de nos opinions ne

430 4743 2760 234 vient pas de ce que les vns ſont plus raiſonnables que les

2836 4944 349 158 autres,

655 3705 344 187 L

3238 3179 330 94 PREMIERE

3238 3265 258 82 PARTIE.

1975 4963 206 124 a 2
