4267 5758
1070 321 149 178 14

2006 302 849 225 DISCOURS.

1084 518 2779 158 contrains, ne ſçauroient eſtre ſi bien policez, que ceux

1089 642 2774 168 qui dés le commencement qu’ils ſe ſont aſſemblez, ont

1089 791 2774 178 obſerué les conſtitutions de quelque prudent Legiſla¬

1089 935 2774 178 teur. Comme il eſt bien certain que l’Eſtat de la vraye

1089 1079 2774 178 religion, dont Dieu ſeul a fait les ordonnances, doit eſtre

1089 1228 2774 182 incomparablement mieux reglé que tous les autres. Et

1089 1372 2774 192 pour parler des choſes humaines, ie croy que ſi Sparte a

1094 1516 2769 177 eſté autrefois tres floriſſante, ce n’a pas eſté à cauſe de

1089 1650 2774 192 la bonté de chaſcune de ſes loix en particulier, vû que

1089 1804 2774 182 pluſieurs eſtoient fort eſtranges, & meſme contraires

1089 1967 2774 153 aux bonnes meurs, mais a cauſe que n’ayant eſté inuen¬

1089 2096 2765 192 tées que par vn ſeul, elles tendoient toutes a meſme fin.

1089 2231 2774 196 Et ainſi ie penſay que les ſciences des liures au moins cel¬

1089 2375 2760 216 les dont les raiſons ne ſont que probables, & qui n’ont au¬

1094 2528 2760 226 cunes demonſtrations, s’eſtant compoſées & groſſies

1089 2687 2770 196 peu a peu des opiniõs de pluſieurs diuerſes perſonnes, ne

1089 2826 2770 244 ſont point, ſi approchantes de la verité, que les ſimples

1084 2998 2770 183 raiſonnemens que peut faire naturellement vn hõme de

1089 3123 2765 216 bon ſens touchant les choſes qui ſe preſentent. Et ainſi

1089 3296 2779 201 encore ie penſay, que pourceque nous auons tous eſté

1089 3421 2765 230 enfans auant que d’eſtre hommes, & qu'il nous a fallu

1089 3574 2770 183 longtems eſtre gouuernez par nos appetis & nos Prece¬

1089 3733 2760 182 pteurs, qui eſtoient ſouuent contraires les vns aux au¬

1094 3886 2760 158 tres, & qui ny les vns ny les autres ne nous conſeilloient

1089 4016 2765 187 peut eſtre pas touſiours le meilleur, Il eſt preſq; impoſſi¬

1084 4150 2770 226 ble que nos iugemens ſoient ſi purs, ny ſi ſolides qu’ils au¬

1084 4308 2770 202 raient eſté, ſi nous auions eu l’vſage entier de no¬

1084 4438 2760 245 ſtre raiſon dés le point de noſtre naiſſance, & que nous

1084 4606 2112 177 n’euſſions jamais eſté conduits que par elle.

1209 4735 2640 250 Il eſt vray que nous ne voyons point qu’on iette par

3604 4942 245 134 terre
