<?xml version="1.0" encoding="UTF-8"?>
<alto xmlns:xsi="http://www.w3.org/2001/XMLSchema-instance"
      xmlns="http://www.loc.gov/standards/alto/ns-v4#"
      xsi:schemaLocation="http://www.loc.gov/standards/alto/ns-v4# http://www.loc.gov/standards/alto/v4/alto-4-2.xsd">
  <Description>
    <MeasurementUnit>pixel</MeasurementUnit>
    <sourceImageInformation>
      <fileName>Descartes1637_Discours_btv1b86069594_corrected_0018.png</fileName>
    </sourceImageInformation>
  </Description>
  <Tags>
    <OtherTag ID="BT7" LABEL="CustomZone" DESCRIPTION="block type CustomZone"/><OtherTag ID="BT8" LABEL="DamageZone" DESCRIPTION="block type DamageZone"/><OtherTag ID="BT9" LABEL="DigitizationArtefactZone" DESCRIPTION="block type DigitizationArtefactZone"/><OtherTag ID="BT10" LABEL="DropCapitalZone" DESCRIPTION="block type DropCapitalZone"/><OtherTag ID="BT11" LABEL="GraphicZone" DESCRIPTION="block type GraphicZone"/><OtherTag ID="BT12" LABEL="MainZone" DESCRIPTION="block type MainZone"/><OtherTag ID="BT13" LABEL="MarginTextZone" DESCRIPTION="block type MarginTextZone"/><OtherTag ID="BT14" LABEL="MusicZone" DESCRIPTION="block type MusicZone"/><OtherTag ID="BT15" LABEL="NumberingZone" DESCRIPTION="block type NumberingZone"/><OtherTag ID="BT17" LABEL="QuireMarksZone" DESCRIPTION="block type QuireMarksZone"/><OtherTag ID="BT18" LABEL="RunningTitleZone" DESCRIPTION="block type RunningTitleZone"/><OtherTag ID="BT19" LABEL="SealZone" DESCRIPTION="block type SealZone"/><OtherTag ID="BT20" LABEL="StampZone" DESCRIPTION="block type StampZone"/><OtherTag ID="BT21" LABEL="TableZone" DESCRIPTION="block type TableZone"/><OtherTag ID="BT22" LABEL="TitlePageZone" DESCRIPTION="block type TitlePageZone"/><OtherTag ID="BT202" LABEL="Title" DESCRIPTION="block type Title"/><OtherTag ID="BT203" LABEL="Decoration" DESCRIPTION="block type Decoration"/><OtherTag ID="BT204" LABEL="Stamp" DESCRIPTION="block type Stamp"/><OtherTag ID="BT205" LABEL="Damage" DESCRIPTION="block type Damage"/><OtherTag ID="BT206" LABEL="RunningTitle" DESCRIPTION="block type RunningTitle"/><OtherTag ID="BT207" LABEL="Margin" DESCRIPTION="block type Margin"/><OtherTag ID="BT208" LABEL="Numbering" DESCRIPTION="block type Numbering"/><OtherTag ID="BT209" LABEL="Main" DESCRIPTION="block type Main"/><OtherTag ID="BT210" LABEL="DropCapital" DESCRIPTION="block type DropCapital"/><OtherTag ID="BT211" LABEL="Signatures" DESCRIPTION="block type Signatures"/>
    <OtherTag ID="LT7" LABEL="CustomLine" DESCRIPTION="line type CustomLine"/><OtherTag ID="LT8" LABEL="DefaultLine" DESCRIPTION="line type DefaultLine"/><OtherTag ID="LT9" LABEL="DropCapitalLine" DESCRIPTION="line type DropCapitalLine"/><OtherTag ID="LT10" LABEL="HeadingLine" DESCRIPTION="line type HeadingLine"/><OtherTag ID="LT11" LABEL="InterlinearLine" DESCRIPTION="line type InterlinearLine"/><OtherTag ID="LT12" LABEL="MusicLine" DESCRIPTION="line type MusicLine"/><OtherTag ID="LT182" LABEL="Default" DESCRIPTION="line type Default"/><OtherTag ID="LT183" LABEL="Rubric" DESCRIPTION="line type Rubric"/>
  </Tags>
  <Layout>
    <Page WIDTH="4267"
          HEIGHT="5758"
          PHYSICAL_IMG_NR="10"
          ID="eSc_dummypage_">
      <PrintSpace HPOS="0"
                  VPOS="0"
                  WIDTH="4267"
                  HEIGHT="5758">
        <TextBlock HPOS="995.0"
                   VPOS="324.0"
                   WIDTH="228.0"
                   HEIGHT="155.0"
                   ID="eSc_textblock_e174ba28"
                   TAGREFS="BT208">
          <Shape><Polygon POINTS="995 324 995 479 1223 479 1223 324"/></Shape>
          <TextLine ID="tl_1"
                    TAGREFS="LT182"
                    BASELINE="1054 441 1090 441 1235 438" 
                    HPOS="1051"
                    VPOS="326"
                    WIDTH="182"
                    HEIGHT="144">
            <Shape><Polygon POINTS="1147 326 1099 326 1084 326 1051 335 1051 436 1051 470 1233 455 1233 436 1233 355 1151 326 1147 326"/></Shape>
	    <String CONTENT="12"
                    HPOS="1051"
                    VPOS="326"
                    WIDTH="182"
                    HEIGHT="144"></String>
          </TextLine>
        </TextBlock>
        <TextBlock HPOS="599.0"
                   VPOS="3668.0"
                   WIDTH="408.0"
                   HEIGHT="371.0"
                   ID="eSc_textblock_13881b18"
                   TAGREFS="BT206">
          <Shape><Polygon POINTS="599 3668 599 4039 1007 4039 1007 3668"/></Shape>
          <TextLine ID="line_1546021054933_7818"
                    TAGREFS="LT182"
                    BASELINE="677 3834 1002 3834" 
                    HPOS="676"
                    VPOS="3709"
                    WIDTH="322"
                    HEIGHT="172">
            <Shape><Polygon POINTS="676 3833 676 3857 993 3881 998 3833 974 3728 676 3709 676 3833"/></Shape>
	    <String CONTENT="Secõde"
                    HPOS="676"
                    VPOS="3709"
                    WIDTH="322"
                    HEIGHT="172"></String>
          </TextLine>
          <TextLine ID="line_1546021093050_7829"
                    TAGREFS="LT182"
                    BASELINE="641 3942 934 3948" 
                    HPOS="633"
                    VPOS="3838"
                    WIDTH="298"
                    HEIGHT="154">
            <Shape><Polygon POINTS="878 3838 830 3838 782 3838 734 3838 719 3838 638 3843 638 3939 633 3992 926 3977 931 3944 931 3848 897 3838 878 3838"/></Shape>
	    <String CONTENT="partie."
                    HPOS="633"
                    VPOS="3838"
                    WIDTH="298"
                    HEIGHT="154"></String>
          </TextLine>
        </TextBlock>
        <TextBlock HPOS="995.0"
                   VPOS="479.0"
                   WIDTH="2912.0"
                   HEIGHT="4531.0"
                   ID="eSc_textblock_a4ba13ef"
                   TAGREFS="BT209">
          <Shape><Polygon POINTS="995 479 995 5010 3883 5010 3907 479"/></Shape>
          <TextLine ID="tl_2"
                    TAGREFS="LT182"
                    BASELINE="1038 593 1134 593 1610 585 1882 580 2400 586 2564 584 2830 585 3050 589" 
                    HPOS="1031"
                    VPOS="479"
                    WIDTH="2016"
                    HEIGHT="130">
            <Shape><Polygon POINTS="2519 479 2471 479 2423 479 2375 479 2327 479 2279 479 2231 479 2183 479 2135 479 2087 479 2039 479 1991 479 1943 479 1895 479 1847 479 1799 479 1751 479 1703 479 1655 479 1607 479 1559 479 1511 479 1463 479 1415 479 1367 479 1319 479 1271 479 1223 479 1175 479 1127 479 1079 479 1031 479 1036 590 1036 609 3043 604 3047 585 3043 484 2539 479 2519 479"/></Shape>
	    <String CONTENT="&amp; marcher auec aſſurance en cete vie."
                    HPOS="1031"
                    VPOS="479"
                    WIDTH="2016"
                    HEIGHT="130"></String>
          </TextLine>
          <TextLine ID="tl_3"
                    TAGREFS="LT182"
                    BASELINE="1160 735 1644 765 1860 726 2292 734 2506 736 2626 735 2792 735 3134 737 3368 740 3830 730" 
                    HPOS="1151"
                    VPOS="599"
                    WIDTH="2674"
                    HEIGHT="173">
            <Shape><Polygon POINTS="1156 734 1151 758 3815 772 3825 729 3820 638 3734 609 3729 609 3724 609 3359 633 3302 633 3249 628 2985 604 2980 604 2831 623 2798 633 2596 633 2587 623 2563 604 2558 604 2553 604 2548 604 2543 604 2539 604 2510 623 2495 633 2159 633 2145 618 2131 604 2131 599 2126 599 2121 599 2116 599 2111 599 2059 618 2030 623 1156 609 1156 734"/></Shape>
	    <String CONTENT="Il eſt vray que pendant que ie ne faiſois que conſide¬"
                    HPOS="1151"
                    VPOS="599"
                    WIDTH="2674"
                    HEIGHT="173"></String>
          </TextLine>
          <TextLine ID="tl_4"
                    TAGREFS="LT182"
                    BASELINE="1032 881 1180 883 1334 887 1662 881 1854 878 2180 878 2674 905 2810 879 2980 915 3434 886 3818 900" 
                    HPOS="1027"
                    VPOS="748"
                    WIDTH="2788"
                    HEIGHT="178">
            <Shape><Polygon POINTS="1031 878 1027 902 3806 926 3815 897 3811 777 1329 777 1315 772 1238 748 1233 748 1228 748 1031 767 1031 878"/></Shape>
	    <String CONTENT="rer les meurs des autres hommes, ie n&#x27;y trouuois gueres"
                    HPOS="1027"
                    VPOS="748"
                    WIDTH="2788"
                    HEIGHT="178"></String>
          </TextLine>
          <TextLine ID="tl_5"
                    TAGREFS="LT182"
                    BASELINE="1034 1031 1417 1065 2411 1060 2999 1027 3301 1030 3685 1040 3831 1048" 
                    HPOS="1027"
                    VPOS="921"
                    WIDTH="2803"
                    HEIGHT="168">
            <Shape><Polygon POINTS="1031 1026 1031 1074 3110 1089 3115 1089 3825 1060 3830 1046 3825 926 1027 921 1031 1026"/></Shape>
	    <String CONTENT="dequoy m’aſſurer; &amp; que i’y remarquois quaſi autant de"
                    HPOS="1027"
                    VPOS="921"
                    WIDTH="2803"
                    HEIGHT="168"></String>
          </TextLine>
          <TextLine ID="tl_6"
                    TAGREFS="LT182"
                    BASELINE="1037 1177 1673 1173 2031 1168 2233 1168 2853 1175 3177 1175 3347 1178 3827 1192" 
                    HPOS="1031"
                    VPOS="1046"
                    WIDTH="2794"
                    HEIGHT="163">
            <Shape><Polygon POINTS="2380 1060 2332 1060 2284 1060 2236 1060 2188 1060 2140 1060 2092 1060 2044 1060 1996 1060 1948 1060 1900 1060 1852 1060 1804 1060 1756 1060 1708 1060 1660 1060 1612 1060 1564 1060 1516 1060 1468 1060 1420 1060 1372 1060 1324 1055 1276 1050 1247 1046 1036 1046 1036 1175 1031 1194 3815 1209 3825 1189 3820 1074 2380 1055 2380 1060"/></Shape>
	    <String CONTENT="diuerſité que i’auois fait auparauant entre les opinions"
                    HPOS="1031"
                    VPOS="1046"
                    WIDTH="2794"
                    HEIGHT="163"></String>
          </TextLine>
          <TextLine ID="tl_7"
                    TAGREFS="LT182"
                    BASELINE="1035 1329 1199 1329 1885 1314 2089 1322 2355 1326 2563 1325 2691 1327 2909 1327 3255 1329 3583 1338 3823 1344" 
                    HPOS="1027"
                    VPOS="1199"
                    WIDTH="2793"
                    HEIGHT="178">
            <Shape><Polygon POINTS="1031 1324 1031 1357 1497 1372 1526 1348 1574 1362 1612 1377 1631 1377 1675 1348 1699 1362 1699 1367 1727 1367 1785 1343 2294 1343 2433 1377 2476 1372 2587 1343 2697 1377 2711 1377 2793 1348 2841 1377 2865 1377 2913 1348 2942 1372 2942 1377 2961 1377 3067 1353 3811 1377 3820 1343 3815 1233 3575 1233 3513 1199 3499 1199 3422 1233 3292 1233 3259 1199 3239 1199 3172 1228 2827 1228 2803 1204 2803 1199 2351 1228 2275 1199 1924 1199 1828 1228 1689 1199 1209 1199 1156 1223 1060 1199 1041 1199 1041 1204 1027 1213 1031 1324"/></Shape>
	    <String CONTENT="des Philoſophos. En ſorte que le plus grand profit que"
                    HPOS="1027"
                    VPOS="1199"
                    WIDTH="2793"
                    HEIGHT="178"></String>
          </TextLine>
          <TextLine ID="tl_8"
                    TAGREFS="LT182"
                    BASELINE="1033 1479 1921 1472 2137 1472 2513 1474 2689 1469 2967 1473 3363 1496 3529 1478 3823 1466" 
                    HPOS="1027"
                    VPOS="1338"
                    WIDTH="2793"
                    HEIGHT="183">
            <Shape><Polygon POINTS="1031 1477 1031 1516 1867 1497 1963 1516 2006 1521 2222 1497 2279 1516 2318 1521 2399 1492 2519 1516 2644 1492 3811 1506 3820 1463 3811 1367 3580 1343 3302 1367 3278 1362 3215 1338 3201 1338 3134 1362 3110 1367 3100 1357 3071 1338 3047 1338 3009 1372 2817 1372 2764 1338 2572 1338 2505 1372 1929 1372 1852 1343 1843 1343 1771 1372 1718 1353 1699 1343 1651 1348 1579 1367 1540 1343 1516 1343 1473 1372 1396 1348 1367 1348 1219 1372 1185 1348 1185 1343 1027 1343 1031 1477"/></Shape>
	    <String CONTENT="i’en retirois, eſtoit que voyant pluſieurs choſes, qui bien¬"
                    HPOS="1027"
                    VPOS="1338"
                    WIDTH="2793"
                    HEIGHT="183"></String>
          </TextLine>
          <TextLine ID="tl_9"
                    TAGREFS="LT182"
                    BASELINE="1037 1655 1425 1619 1699 1615 2207 1614 2443 1614 3173 1621 3325 1627 3827 1648" 
                    HPOS="1031"
                    VPOS="1501"
                    WIDTH="2794"
                    HEIGHT="168">
            <Shape><Polygon POINTS="1036 1650 1031 1660 1415 1636 2217 1636 2246 1660 2246 1665 2251 1665 2255 1665 2260 1665 2265 1665 2332 1636 2596 1660 2601 1660 2606 1660 2692 1636 2798 1665 2803 1665 2807 1665 3215 1636 3297 1665 3302 1665 3307 1669 3820 1669 3825 1645 3820 1516 1036 1501 1036 1650"/></Shape>
	    <String CONTENT="qu’elles nous ſemblent fort extrauagantes &amp; ridicules,"
                    HPOS="1031"
                    VPOS="1501"
                    WIDTH="2794"
                    HEIGHT="168"></String>
          </TextLine>
          <TextLine ID="tl_10"
                    TAGREFS="LT182"
                    BASELINE="1033 1767 1152 1769 1538 1769 1718 1767 2076 1768 2882 1769 3282 1769 3406 1774 3822 1756" 
                    HPOS="1027"
                    VPOS="1660"
                    WIDTH="2793"
                    HEIGHT="163">
            <Shape><Polygon POINTS="1031 1765 1031 1813 1449 1794 1593 1808 1727 1823 1732 1823 1823 1804 1919 1789 2529 1799 3585 1813 3590 1813 3815 1780 3820 1751 3811 1660 1027 1660 1031 1765"/></Shape>
	    <String CONTENT="ne laiſſent pas d’eſtre communement receuës &amp; approu¬"
                    HPOS="1027"
                    VPOS="1660"
                    WIDTH="2793"
                    HEIGHT="163"></String>
          </TextLine>
          <TextLine ID="tl_11"
                    TAGREFS="LT182"
                    BASELINE="1036 1915 1252 1917 1436 1913 1856 1910 2152 1908 2552 1909 2660 1929 3320 1912 3424 1914 3592 1918 3822 1918" 
                    HPOS="1027"
                    VPOS="1775"
                    WIDTH="2793"
                    HEIGHT="201">
            <Shape><Polygon POINTS="1031 1914 1031 1948 1185 1948 1238 1976 1411 1948 1468 1943 1843 1943 1852 1948 1871 1967 1871 1972 1891 1972 1967 1948 2015 1938 2102 1938 2131 1962 2131 1967 2150 1967 2207 1948 2251 1938 2390 1962 2404 1962 2419 1948 2443 1933 2615 1957 3230 1928 3345 1952 3355 1952 3441 1928 3811 1948 3820 1914 3811 1799 3335 1808 3263 1780 3244 1780 3196 1818 2999 1818 2774 1775 2759 1775 2759 1780 2711 1823 2567 1823 2515 1780 2404 1780 2150 1823 1919 1789 1905 1789 1905 1794 1895 1799 1871 1823 1785 1789 1588 1813 1526 1799 1454 1789 1454 1794 1444 1799 1430 1818 1382 1794 1027 1799 1031 1914"/></Shape>
	    <String CONTENT="uées par d&#x27;autres grans peuples, i&#x27;apprenois a ne rien"
                    HPOS="1027"
                    VPOS="1775"
                    WIDTH="2793"
                    HEIGHT="201"></String>
          </TextLine>
          <TextLine ID="tl_12"
                    TAGREFS="LT182"
                    BASELINE="1036 2061 1340 2065 1576 2095 2168 2058 2318 2056 2454 2056 2648 2055 2802 2055 3202 2059 3436 1998 3824 2052" 
                    HPOS="1027"
                    VPOS="1924"
                    WIDTH="2793"
                    HEIGHT="196">
            <Shape><Polygon POINTS="1031 2058 1031 2101 1339 2087 1622 2120 1761 2092 1881 2116 1895 2116 1895 2111 1934 2082 2423 2082 2558 2111 2572 2111 2615 2077 2899 2111 3815 2096 3820 2048 3815 1943 3417 1924 3201 1948 3129 1924 3115 1924 3047 1952 2985 1952 2615 1928 2356 1957 2279 1957 1972 1933 1891 1957 1588 1938 1531 1962 1478 1938 1468 1938 1276 1962 1204 1938 1195 1938 1027 1962 1031 2058"/></Shape>
	    <String CONTENT="croire trop fermement de ce qui ne m&#x27;auoit eſté perſua¬"
                    HPOS="1027"
                    VPOS="1924"
                    WIDTH="2793"
                    HEIGHT="196"></String>
          </TextLine>
          <TextLine ID="tl_13"
                    TAGREFS="LT182"
                    BASELINE="1036 2213 1156 2213 1360 2209 1544 2207 2062 2202 2186 2206 2480 2202 2994 2203 3086 2203 3286 2207 3526 2208 3638 2210 3822 2212" 
                    HPOS="1027"
                    VPOS="2087"
                    WIDTH="2793"
                    HEIGHT="163">
            <Shape><Polygon POINTS="1603 2092 1555 2092 1531 2087 1027 2087 1031 2212 1031 2250 3815 2250 3820 2207 3815 2101 1617 2087 1603 2092"/></Shape>
	    <String CONTENT="dé que par l’exemple &amp; par la couſtume: Et ainſi ie me"
                    HPOS="1027"
                    VPOS="2087"
                    WIDTH="2793"
                    HEIGHT="163"></String>
          </TextLine>
          <TextLine ID="tl_14"
                    TAGREFS="LT182"
                    BASELINE="1038 2361 1470 2355 1674 2353 1764 2353 1962 2348 2114 2348 2636 2383 3160 2373 3372 2348 3814 2356" 
                    HPOS="1031"
                    VPOS="2216"
                    WIDTH="2780"
                    HEIGHT="178">
            <Shape><Polygon POINTS="1036 2360 1031 2384 3801 2394 3811 2355 3806 2250 2668 2226 2663 2226 2659 2226 2654 2226 2654 2231 2635 2245 2630 2255 2255 2255 2203 2245 2015 2221 2011 2221 2006 2221 2001 2221 2001 2226 1977 2245 1977 2250 1459 2250 1425 2245 1175 2216 1171 2216 1036 2240 1036 2360"/></Shape>
	    <String CONTENT="deliurois peu a peu de beaucoup d’erreurs, qui peuuent"
                    HPOS="1031"
                    VPOS="2216"
                    WIDTH="2780"
                    HEIGHT="178"></String>
          </TextLine>
          <TextLine ID="tl_15"
                    TAGREFS="LT182"
                    BASELINE="1038 2505 1505 2499 1832 2496 2236 2494 2741 2513 2873 2497 3126 2493 3489 2496 3821 2500" 
                    HPOS="1031"
                    VPOS="2394"
                    WIDTH="2789"
                    HEIGHT="149">
            <Shape><Polygon POINTS="1036 2504 1031 2533 2342 2514 2846 2523 3748 2543 3753 2543 3758 2543 3815 2514 3820 2499 3815 2394 1036 2394 1036 2504"/></Shape>
	    <String CONTENT="offuſquer noſtre lumiere naturelle, &amp; nous rendre moins"
                    HPOS="1031"
                    VPOS="2394"
                    WIDTH="2789"
                    HEIGHT="149"></String>
          </TextLine>
          <TextLine ID="tl_16"
                    TAGREFS="LT182"
                    BASELINE="1039 2651 1453 2647 2029 2640 2387 2640 2671 2639 2955 2637 3171 2637 3367 2636 3823 2648" 
                    HPOS="1031"
                    VPOS="2509"
                    WIDTH="2789"
                    HEIGHT="192">
            <Shape><Polygon POINTS="1036 2648 1036 2701 1353 2672 1684 2696 1775 2667 3811 2687 3820 2643 3811 2509 2673 2533 2601 2509 2582 2509 2567 2523 2548 2533 2433 2509 2279 2533 2241 2523 2164 2509 1948 2533 1852 2509 1833 2509 1833 2514 1809 2538 1607 2538 1598 2533 1487 2509 1367 2533 1247 2509 1233 2509 1233 2514 1209 2538 1031 2538 1036 2648"/></Shape>
	    <String CONTENT="capables d’entendre raiſon. Mais aprés que i’eu employé"
                    HPOS="1031"
                    VPOS="2509"
                    WIDTH="2789"
                    HEIGHT="192"></String>
          </TextLine>
          <TextLine ID="tl_17"
                    TAGREFS="LT182"
                    BASELINE="1041 2843 1491 2803 1849 2794 1923 2794 2835 2789 2969 2787 3223 2789 3397 2788 3801 2816" 
                    HPOS="1031"
                    VPOS="2653"
                    WIDTH="2765"
                    HEIGHT="206">
            <Shape><Polygon POINTS="1036 2840 1036 2859 1531 2821 1795 2845 1799 2845 1967 2816 3787 2831 3796 2811 3791 2677 3287 2653 3283 2653 3278 2653 3220 2677 3163 2653 3158 2653 3153 2653 3148 2653 3057 2677 2889 2653 2884 2653 2726 2682 2423 2658 2419 2658 2414 2658 2409 2658 2366 2687 2001 2663 1996 2663 1444 2696 1180 2672 1175 2672 1031 2701 1036 2840"/></Shape>
	    <String CONTENT="quelques années a eſtudier ainſi dans le liure du monde,"
                    HPOS="1031"
                    VPOS="2653"
                    WIDTH="2765"
                    HEIGHT="206"></String>
          </TextLine>
          <TextLine ID="tl_18"
                    TAGREFS="LT182"
                    BASELINE="1043 2961 1139 2961 1215 2955 1597 2947 2135 2940 2573 2939 3155 2941 3277 2963 3443 2938 3659 2938 3817 2938" 
                    HPOS="1036"
                    VPOS="2831"
                    WIDTH="2779"
                    HEIGHT="158">
            <Shape><Polygon POINTS="1132 2835 1084 2840 1036 2840 1041 2960 1041 2989 3811 2974 3815 2936 3811 2831 1180 2831 1132 2835"/></Shape>
	    <String CONTENT="&amp; a taſcher d’acquerir quelque experience, ie pris vn"
                    HPOS="1036"
                    VPOS="2831"
                    WIDTH="2779"
                    HEIGHT="158"></String>
          </TextLine>
          <TextLine ID="tl_19"
                    TAGREFS="LT182"
                    BASELINE="1039 3101 1239 3103 1761 3095 2283 3086 2551 3120 2687 3085 3341 3106 3501 3088 3819 3072" 
                    HPOS="1031"
                    VPOS="2965"
                    WIDTH="2784"
                    HEIGHT="158">
            <Shape><Polygon POINTS="1036 3099 1031 3123 3811 3114 3815 3070 3806 2979 1036 2965 1036 3099"/></Shape>
	    <String CONTENT="iour reſolution d’eſtudier auſſy en moymeſme, &amp; d’em¬"
                    HPOS="1031"
                    VPOS="2965"
                    WIDTH="2784"
                    HEIGHT="158"></String>
          </TextLine>
          <TextLine ID="tl_20"
                    TAGREFS="LT182"
                    BASELINE="1037 3285 1363 3247 1687 3241 1841 3238 2173 3236 2317 3232 2571 3229 2750 3263 2873 3229 2971 3229 3379 3226 3555 3228 3813 3212" 
                    HPOS="1031"
                    VPOS="3090"
                    WIDTH="2780"
                    HEIGHT="220">
            <Shape><Polygon POINTS="3369 3104 3225 3104 3220 3099 3187 3109 3124 3118 3095 3099 3047 3094 3023 3118 2947 3114 2788 3099 2745 3128 2668 3090 2659 3090 2639 3094 2587 3138 2337 3138 2289 3118 2217 3099 2203 3099 2121 3123 2073 3133 1843 3109 1593 3142 1031 3138 1036 3310 1430 3267 2174 3258 2380 3282 2467 3258 2803 3272 2899 3238 3105 3262 3811 3238 3811 3210 3801 3104 3403 3094 3369 3104"/></Shape>
	    <String CONTENT="ployer toutes les forces de mon eſprit a choyſir les che¬"
                    HPOS="1031"
                    VPOS="3090"
                    WIDTH="2780"
                    HEIGHT="220"></String>
          </TextLine>
          <TextLine ID="tl_21"
                    TAGREFS="LT182"
                    BASELINE="1036 3385 1272 3379 1482 3377 1934 3372 2306 3374 2524 3368 2744 3365 2956 3367 3304 3369 3818 3402" 
                    HPOS="1027"
                    VPOS="3258"
                    WIDTH="2788"
                    HEIGHT="172">
            <Shape><Polygon POINTS="2759 3262 2711 3258 1271 3258 1031 3282 1031 3382 1027 3397 1799 3392 1943 3416 2207 3382 2241 3406 2241 3411 2558 3387 2635 3426 2649 3426 2750 3392 2827 3416 2846 3416 2875 3392 3033 3416 3177 3397 3220 3426 3244 3426 3287 3397 3398 3397 3422 3411 3441 3430 3465 3430 3513 3402 3806 3411 3815 3397 3815 3258 2769 3258 2759 3262"/></Shape>
	    <String CONTENT="mins que ie deuois ſuiure. Ce qui me reuſſit beaucoup"
                    HPOS="1027"
                    VPOS="3258"
                    WIDTH="2788"
                    HEIGHT="172"></String>
          </TextLine>
          <TextLine ID="tl_22"
                    TAGREFS="LT182"
                    BASELINE="1038 3529 1380 3551 1526 3523 1714 3523 2118 3544 2336 3518 2424 3520 2552 3518 2694 3515 2878 3513 3166 3515 3502 3512 3806 3496" 
                    HPOS="1036"
                    VPOS="3382"
                    WIDTH="2765"
                    HEIGHT="183">
            <Shape><Polygon POINTS="3763 3397 3753 3392 2918 3382 2519 3411 2419 3387 2366 3382 2366 3387 2361 3387 2337 3416 2059 3416 1943 3387 1910 3382 1881 3387 1814 3411 1766 3382 1742 3382 1742 3387 1737 3387 1713 3416 1075 3416 1041 3382 1036 3565 1665 3541 2217 3555 2591 3560 2615 3545 2644 3536 2755 3560 2764 3560 2817 3536 3417 3536 3479 3560 3499 3560 3523 3536 3796 3536 3801 3493 3791 3397 3763 3397"/></Shape>
	    <String CONTENT="mieux, ce me ſemble, que ſi ie ne me fuſſe iamais eſloi¬"
                    HPOS="1036"
                    VPOS="3382"
                    WIDTH="2765"
                    HEIGHT="183"></String>
          </TextLine>
          <TextLine ID="tl_23"
                    TAGREFS="LT182"
                    BASELINE="1034 3707 1248 3677 1398 3701 1538 3667 1786 3663 2036 3686 2188 3698 2334 3664 2590 3661 2926 3661" 
                    HPOS="1027"
                    VPOS="3526"
                    WIDTH="1896"
                    HEIGHT="202">
            <Shape><Polygon POINTS="1031 3704 1031 3728 1300 3699 1343 3718 1348 3718 1353 3718 2918 3685 2923 3656 2918 3555 2606 3526 2601 3526 2596 3526 2591 3526 2591 3531 2563 3560 2299 3560 2246 3531 2241 3531 2236 3531 2231 3531 2227 3531 2222 3531 2222 3536 2193 3565 2006 3565 1891 3536 1886 3536 1881 3536 1876 3536 1790 3569 1435 3545 1430 3545 1247 3569 1204 3550 1199 3550 1195 3550 1190 3550 1185 3550 1156 3574 1060 3550 1055 3550 1051 3550 1046 3550 1041 3550 1027 3560 1031 3704"/></Shape>
	    <String CONTENT="gné, ny de mon païs, ny de mes liures."
                    HPOS="1027"
                    VPOS="3526"
                    WIDTH="1896"
                    HEIGHT="202"></String>
          </TextLine>
          <TextLine ID="tl_24"
                    TAGREFS="LT182"
                    BASELINE="1094 3819 1400 3813 1652 3813 1814 3810 2432 3808 2606 3807 3176 3803 3398 3802 3812 3806" 
                    HPOS="1084"
                    VPOS="3675"
                    WIDTH="2727"
                    HEIGHT="173">
            <Shape><Polygon POINTS="2236 3685 2188 3694 2159 3694 2107 3709 2020 3685 1996 3685 1895 3699 1828 3713 1531 3713 1521 3699 1507 3689 1507 3685 1487 3685 1425 3709 1387 3694 1372 3699 1300 3685 1084 3699 1089 3848 3806 3824 3811 3805 3806 3699 3249 3675 3235 3675 3191 3704 3038 3680 3028 3680 2971 3699 2947 3704 2731 3680 2611 3704 2251 3680 2236 3685"/></Shape>
	    <String CONTENT="I’étois alors en Allemaigne ou l’occaſion des guerres"
                    HPOS="1084"
                    VPOS="3675"
                    WIDTH="2727"
                    HEIGHT="173"></String>
          </TextLine>
          <TextLine ID="tl_25"
                    TAGREFS="LT182"
                    BASELINE="1040 4004 1102 4005 1160 3967 1198 3967 1278 3967 1364 4001 1588 3965 1776 3961 2148 3960 2434 3964 2842 3957 3200 3957 3248 3973 3390 3958 3814 3956" 
                    HPOS="1031"
                    VPOS="3819"
                    WIDTH="2780"
                    HEIGHT="206">
            <Shape><Polygon POINTS="1036 4001 1041 4025 1142 4001 1324 4025 1430 3997 1603 4016 1675 4021 1708 3992 1857 4011 1919 4016 2068 3982 2831 3977 3038 4001 3115 3973 3177 3997 3187 3997 3806 3968 3811 3953 3801 3838 3230 3843 3215 3838 3191 3819 3167 3819 3167 3824 3148 3838 3148 3843 3105 3819 3091 3819 3023 3848 2764 3824 2726 3838 2687 3857 2443 3857 2371 3829 2356 3829 2246 3857 2179 3833 2159 3833 2155 3843 2135 3857 1881 3843 1838 3843 1684 3867 1031 3848 1036 4001"/></Shape>
	    <String CONTENT="qui n&#x27;y ſont pas encore finies m’auoit appelé, &amp; comme"
                    HPOS="1031"
                    VPOS="3819"
                    WIDTH="2780"
                    HEIGHT="206"></String>
          </TextLine>
          <TextLine ID="tl_26"
                    TAGREFS="LT182"
                    BASELINE="1041 4115 1131 4119 1685 4111 1831 4108 2607 4103 2751 4105 3355 4098 3573 4100 3817 4080" 
                    HPOS="1031"
                    VPOS="3963"
                    WIDTH="2784"
                    HEIGHT="187">
            <Shape><Polygon POINTS="1367 3997 1363 3992 1103 3992 1079 4006 1031 4001 1036 4112 1036 4150 3815 4107 3815 4078 3806 3992 3623 3963 3619 3963 3614 3963 3556 3992 3547 3997 2918 3997 2865 3992 2764 3973 2759 3973 2755 3973 2750 3973 2731 3992 2716 4001 2687 3992 2654 3977 2649 3977 2644 3977 2639 3977 2635 3977 2635 3982 2625 3992 2611 4006 2294 4006 1372 3992 1367 3997"/></Shape>
	    <String CONTENT="ie retournois du couronnement de l’Empereur vers l’ar¬"
                    HPOS="1031"
                    VPOS="3963"
                    WIDTH="2784"
                    HEIGHT="187"></String>
          </TextLine>
          <TextLine ID="tl_27"
                    TAGREFS="LT182"
                    BASELINE="1047 4261 1293 4281 1407 4259 2263 4248 2409 4252 2789 4247 3235 4249 3375 4246 3527 4246 3815 4226" 
                    HPOS="1041"
                    VPOS="4116"
                    WIDTH="2770"
                    HEIGHT="173">
            <Shape><Polygon POINTS="1046 4260 1046 4289 3806 4260 3811 4222 3796 4136 3206 4140 3187 4140 3091 4116 3086 4116 2817 4140 2764 4145 2745 4140 2659 4121 2654 4121 2649 4121 2644 4121 2563 4145 2548 4145 2539 4145 2433 4121 2428 4121 2423 4121 2419 4121 2390 4145 2385 4145 2371 4145 2092 4126 2087 4126 1862 4150 1799 4155 1737 4150 1502 4131 1497 4131 1492 4131 1439 4155 1420 4160 1406 4155 1348 4136 1343 4136 1339 4136 1041 4155 1046 4260"/></Shape>
	    <String CONTENT="mée, le commencement de l’hyuer m’areſta en vn quar¬"
                    HPOS="1041"
                    VPOS="4116"
                    WIDTH="2770"
                    HEIGHT="173"></String>
          </TextLine>
          <TextLine ID="tl_28"
                    TAGREFS="LT182"
                    BASELINE="1041 4409 1217 4403 1357 4403 1499 4401 1981 4398 2365 4402 3065 4397 3271 4397 3473 4396 3817 4382" 
                    HPOS="1031"
                    VPOS="4294"
                    WIDTH="2784"
                    HEIGHT="154">
            <Shape><Polygon POINTS="1036 4404 1036 4448 3815 4404 3815 4380 3806 4294 1031 4294 1036 4404"/></Shape>
	    <String CONTENT="tier ou ne trouuant aucune conuerſation qui me diuer¬"
                    HPOS="1031"
                    VPOS="4294"
                    WIDTH="2784"
                    HEIGHT="154"></String>
          </TextLine>
          <TextLine ID="tl_29"
                    TAGREFS="LT182"
                    BASELINE="1039 4551 1227 4573 1397 4555 1777 4551 2289 4550 2497 4548 2985 4545 3369 4546 3649 4544 3815 4576" 
                    HPOS="1031"
                    VPOS="4424"
                    WIDTH="2780"
                    HEIGHT="172">
            <Shape><Polygon POINTS="1036 4548 1031 4568 1967 4592 1972 4592 2107 4577 2227 4568 2241 4582 2251 4587 2251 4592 2255 4592 2260 4592 2265 4596 2447 4596 2447 4592 2452 4592 2481 4582 2534 4568 2611 4582 2654 4592 2659 4592 2711 4582 2812 4568 3643 4568 3801 4592 3811 4572 3806 4424 1036 4433 1036 4548"/></Shape>
	    <String CONTENT="tiſt, &amp; n’ayant d’ailleurs par bonheur aucuns ſoins ny"
                    HPOS="1031"
                    VPOS="4424"
                    WIDTH="2780"
                    HEIGHT="172"></String>
          </TextLine>
          <TextLine ID="tl_30"
                    TAGREFS="LT182"
                    BASELINE="1039 4733 1425 4701 1615 4701 1789 4701 2487 4718 2615 4697 3169 4689 3427 4692 3559 4690 3819 4686" 
                    HPOS="1031"
                    VPOS="4563"
                    WIDTH="2784"
                    HEIGHT="182">
            <Shape><Polygon POINTS="3763 4568 3758 4563 3695 4582 3599 4563 3585 4563 3585 4568 3561 4587 3499 4563 3484 4563 3431 4592 3158 4592 3057 4563 2783 4592 2697 4568 2683 4568 2635 4592 2567 4572 2524 4568 2495 4596 2318 4596 2255 4577 2212 4568 2193 4568 2159 4592 2097 4577 2035 4568 2025 4568 1900 4596 1598 4572 1031 4592 1036 4745 1267 4721 3811 4721 3815 4683 3796 4568 3763 4568"/></Shape>
	    <String CONTENT="paſſions qui me troublaſſent, ie demeurois tout le iour"
                    HPOS="1031"
                    VPOS="4563"
                    WIDTH="2784"
                    HEIGHT="182"></String>
          </TextLine>
          <TextLine ID="tl_31"
                    TAGREFS="LT182"
                    BASELINE="1033 4841 1462 4847 1678 4845 1928 4850 2088 4846 2440 4846 2528 4872 2702 4843 3070 4843 3330 4842 3640 4832 3814 4832" 
                    HPOS="1027"
                    VPOS="4726"
                    WIDTH="2786"
                    HEIGHT="249">
            <Shape><Polygon POINTS="1031 4918 1267 4918 1358 4951 1372 4951 1444 4918 1655 4918 1751 4966 1766 4966 1828 4937 1996 4966 2121 4927 2203 4971 2217 4971 2327 4918 2371 4951 2409 4947 2476 4927 2567 4971 2764 4951 2894 4942 3019 4975 3033 4975 3177 4927 3359 4956 3369 4956 3407 4937 3431 4966 3436 4966 3436 4971 3446 4971 3497 4843 3813 4834 3811 4831 3801 4726 1027 4731 1031 4836"/></Shape>
	    <String CONTENT="enfermé ſeul dans vn poëſle, ou i’auois tout loyſir de"
                    HPOS="1027"
                    VPOS="4726"
                    WIDTH="2786"
                    HEIGHT="249"></String>
          </TextLine>
          <TextLine ID="tl_32"
                    TAGREFS="LT183"
                    BASELINE="3526 4966 3812 4944" 
                    HPOS="3513"
                    VPOS="4836"
                    WIDTH="298"
                    HEIGHT="202">
            <Shape><Polygon POINTS="3609 4836 3571 4836 3513 4860 3523 4961 3527 5038 3595 5004 3806 5023 3811 4942 3801 4851 3643 4836 3609 4836"/></Shape>
	    <String CONTENT="m’en¬"
                    HPOS="3513"
                    VPOS="4836"
                    WIDTH="298"
                    HEIGHT="202"></String>
          </TextLine>
        </TextBlock>
        <TextBlock HPOS="2026.0"
                   VPOS="276.0"
                   WIDTH="875.0"
                   HEIGHT="203.0"
                   ID="eSc_textblock_52aaf370"
                   TAGREFS="BT206">
          <Shape><Polygon POINTS="2026 276 2026 479 2901 479 2901 276"/></Shape>
          <TextLine ID="eSc_line_586b97a2"
                    TAGREFS="LT182"
                    BASELINE="2038 424 2134 422 2214 420 2296 420 2398 422 2514 422 2618 419 2730 423 2832 423" 
                    HPOS="2030"
                    VPOS="292"
                    WIDTH="801"
                    HEIGHT="154">
            <Shape><Polygon POINTS="2035 422 2030 446 2827 431 2831 422 2827 292 2035 292 2035 422"/></Shape>
	    <String CONTENT="DISCOURS"
                    HPOS="2030"
                    VPOS="292"
                    WIDTH="801"
                    HEIGHT="154"></String>
          </TextLine>
        </TextBlock>
      </PrintSpace>
    </Page>
  </Layout>
</alto>
