4267 5758
1075 359 168 120 10

2044 326 816 163 DISCOURS.

1075 511 2820 131 veritez reuelées qui y conduiſent, ſont au deſſus de no¬

1070 628 2793 163 ſtre intelligence, ie n’euſſe oſe les ſoumettre à la foibleſ¬

1070 772 2789 178 ſe de mes raiſonnemens, & ie penſois que pour entre¬

1065 902 2789 230 prendre de les examiner, & y reuſſir, il eſtoit beſoin

1070 1060 2793 173 d’auoir quelque extrordinaire aſſiſtence du ciel, &

1075 1213 1161 168 d’eſtre plus qu’homme.

1199 1362 2660 163 Ie ne diray rien de la Philoſophie, ſinon que voyant

1075 1492 2779 211 qu’elle a eſté cultiuée par les plus excellens eſprits qui

1075 1645 2779 178 ayent veſcu depuis pluſieurs ſiecles, & que neanmoins

1065 1789 2784 187 il ne s'y trouue encore aucune choſe dont on ne diſpute,

1075 1938 2784 182 & par conſequent qui ne ſoit douteuſe, ie n'auois point

1070 2087 2789 168 aſſés de preſomption pour eſperer d'y rencontrer mieux

1075 2221 2784 192 que les autres; Et que conſiderant combien il peut y

1078.0 2404.0 2782.0 142.0 auoir de diuerſes opinions touchant vne meſme matie¬

1065 2514 2794 187 re, qui ſoient ſouſtenuës par des gens doctes, sans qu’il y

1070 2658 2784 201 en puiſſe auoir iamais plus d'vne ſeule qui ſoit vraye, ie

1070 2807 2784 206 reputois preſque pour faux tout ce qui n'eſtoit que vray¬

1075 2974 532 164 ſemblable.

1180 3090 2679 196 Puis pour les autres ſciences d’autant qu’elles emprun¬

1075 3248 2779 197 tent leurs principes de la Philoſophie, ie iugeois qu’on

1070 3397 2784 177 ne pouuoit auoir rien baſti qui fuſt ſolide, ſur des fonde¬

1070 3550 2779 178 mens ſi peu fermes; Et ny l’honneur, ny le gain qu'elles

1070 3680 2784 221 promettent, n’eſtoient ſuffiſans, pour me conuier à les

1070 3838 2789 187 apprendre; Car ie ne me ſentois point, graces a Dieu, de

1070 3992 2789 187 condition, qui m’obligeaſt a faire vn meſtier de la ſcien¬

1075 4131 2784 221 ce, pour la ſoulagement de ma fortune; Et quoy que ie

1065 4289 2794 192 ne fiſſe pas profeſſion de meſpriſer la gloire en Cynique,

1075 4428 2784 187 ie faiſois neanmoins fort peu d'eſtat de celle que ie

1070 4577 2793 187 n’eſperois point pouuoir acquerir qu’a faux titres. Et

1079 4726 2784 269 enfin pour les manuuaiſes doctrines, ie penſois deſia con¬

3518 4814 345 243 noiſtre
