4267 5796
415 589 2769 106 eux quelques vns, qu’on deſtinoit a remplir les places de

415 656 2774 189 nos maiſtres: Et enfin noſtre ſiecle me ſembloit auſſy

415 801 2774 198 fleuriſſant, & auſſy fertile en bons eſprits, qu’ait eſté au¬

415 956 2769 174 cun des precedens. Ce qui me faiſoit prendre la liberté,

415 1101 2774 203 de iuger par moy de tous les autres, & de penſer qu’il n’y

415 1236 2769 198 auoit aucune doctrine dans le monde qui fuſt telle, qu’on

410 1381 1566 198 m’auoit auparauant fait eſperer.

541 1516 2643 203 Ie ne laiſſois pas toutefois d’eſtimer les exercices, auſ¬

420 1685 2764 193 quels on s’occupe dans les eſcholes. Ie ſçauois que les

410 1825 2774 222 langues qu’on y apprent ſont neceſſaires pour l’intelli¬

401 1960 2773 227 gence des liures anciens; Que la gentilleſſe des fables

401 2115 2783 203 reueille l’eſprit; Que les actions memorables des hiſtoi¬

396 2270 2783 183 res le releuent, & qu’eſtant leuës auec diſcretion elles

396 2424 2774 179 aydent a former le iugement; Que la lecture de tous les

396 2564 2783 179 bons liures eſt comme vne conuerſation auec les plus

396 2704 2783 198 honneſtes gens des ſiecles paſſez, qui en ont eſté les au¬

396 2854 2788 198 theurs; & meſme vne conuerſation eſtudiée, en laquelle

396 3004 2783 188 ils ne nous découurent que les meilleures de leurs pen¬

396 3149 2788 174 ſées; Que l'Eloquence a des forces & des beautez in¬

396 3303 2783 189 comparables; Que la Poëſie a des delicateſſes & des

396 3453 2788 198 douceurs tres rauiſſantes; Que les Mathematiques ont

396 3608 2788 169 des inuentions tres ſubtiles, & qui peuuent beaucoup

386 3748 2793 164 ſeruir, tant a contenter les curieux, qu’a faciliter tous les

386 3897 2798 179 arts, & diminuer le trauail des hommes; Que les eſcris

396 4033 2783 217 qui traitent des meurs contienent pluſieurs enſeigne¬

386 4197 2808 178 mens, & pluſieurs exhortations a la vertu qui ſont fort

386 4356 2808 160 vtiles; Que la Theologie enſeigne a gaigner le ciel; Que

396 4482 2793 207 la Philoſophie donne moyen de parler vrayſemblable¬

386 4660 2803 150 ment de toutes choſes, & ſe faire admirer des moins

386 4801 2808 236 ſçauans; Que la Iuriſprudence, la Medecine, & les autres

2894 4936 309 203 ſcien¬

3126 415 82 130 7

1256 362 1189 154 DE LA METHODE.
