4267 5758
960 425 129 102 4

1915 388 830 130 DISCOURS

972 524 2795 157 autres, mais ſeulement de ce que nous conduiſons nos

955 623 2817 245 penſées par diuerſes voyes, & ne conſiderons pas les meſ¬

959 786 2794 202 mes choſes. Car ce n’eſt pas aſſez d’auoir l’eſprit bon,

964 930 2803 202 mais le principal eſt de l’appliquer bien. Les plus grandes

964 1079 2808 192 ames ſont capables des plus grans vices, auſſy bien que

969 1247 2798 187 des plus grandes vertus: Et ceux qui ne marchent que

979 1405 2788 173 fort lentement peuuent auancer beaucoup d’auantage,

979 1530 2798 192 s’ils ſuiuent touſiours le droit chemin, que ne font ceux

979 1674 1747 211 qui courent, & qui s'en eſloignent.

1113 1818 2664 211 Pour moy ie n'ay iamais preſumé que mon eſprit fuſt

983 1981 2799 178 en rien plus parfait que ceux du commun: meſme i’ay

988 2106 2799 216 ſouuent ſouhaité d’auoir la penſee auſſy prompte, ou

993 2250 2798 221 l’imagination auſſy nette & diſtincte, ou la memoire auſ¬

993 2394 2803 240 ſy ample, ou auſſy preſente, que quelques autres. Et ie

993 2562 2784 173 ne ſçache point de qualitez que celles cy, qui ſeruent a la

998 2682 2798 254 perfection de l’eſprit: car pour la raiſon, ou le ſens, d’au¬

1012 2840 2775 192 tant qu’elle eſt la ſeule choſe qui nous rend hommes, &

1003 2989 2788 187 nous diſtingue des beſtes ie veux croyre qu’elle eſt tou¬

1003 3133 2793 211 te entiere en vn chaſcun; & ſuiure en cecy l’opinion

1007 3286 2789 187 commune des Philoſophes, qui diſent qu’il n'y a du

1003 3430 2798 207 plus & du moins qu’entre les accidens, & non point

1012 3579 2789 197 entre les formes ou natures des indiuidus d’vne meſme

959 3761 461 183 eſpece.

1142 3877 2654 191 Mais ie ne craindray pas de dire que ie penſe auoir eu

1017 4030 2789 187 beaucoup d’heur, de m’eſtre rencontré dés ma ieuneſſe

1017 4164 2794 212 en certains chemins, qui m’ont conduit à des conſidera¬

1017 4332 2789 178 tions & des maximes, dont i’ay formé vne Methode, par

1022 4467 2789 196 laquelle il me ſemble que i’ay moyen d'augmenter par

1027 4625 2784 168 degrez ma connoiſſance, & de l’eſleuer peu a peu au plus

1027 4755 2788 230 haut point, auquel la mediocrité de mon eſprit & la cour¬

3494 4932 321 202 te du.
