4267 5758
1007 359 82 111 6

1953 331 850 139 DISCOURS.

1017 518 2765 124 des preceptes, ſe doiuent eſtimer plus habiles, que ceux

1003 614 2779 177 auſquels ils des donnent, & s’ils manquent en la moin¬

1012 762 2765 178 dre choſe, ils en ſont blaſmables. Mais ne propoſant cet

1012 902 2765 196 eſcrit, que comme vne histoire, ou ſi vous l’aymez mieux

1012 1055 2765 202 que comme vne fable, en laquelle parmi quelques exem¬

1017 1204 2770 201 ples qu’on peut imiter, on en trouuera peuteſtre auſſy

1007 1353 2775 211 pluſieurs autres qu’on aura raiſon de ne pas ſuiure; i’eſpe¬

1012 1511 2775 173 re qu’il ſera vtile a quelques vns, ſans eſtre nuiſible a per¬

1012 1645 2573 183 ſonne, & que tous me ſçauront gré de ma franchiſe.

1147 1794 2640 197 I’ay eſté nourri aux lettres dés mon enfance, & pour¬

1012 1948 2779 168 ce qu’on me perſuadoit que par leur moyen on pouuoit

1007 2116 2784 163 acquerir vne connoiſſance claire & aſſuree de tout ce qui

1017 2240 2770 187 eſt vtile a la vie, i’auois vn extreme deſir de les appren¬

1022 2379 2765 212 dre. Mais ſitoſt que i'eu acheué tout ce cours d’eſtudes,

1017 2538 2770 163 au bout duquel on a couſtume d'eſtre receu au rang des

1022 2677 2774 173 doctes, ie changay entierement d’opinion, car ie me

1017 2831 2784 172 trouuois embaraſſé de tant de doutes & d’erreurs, qu’il

1012 2970 2779 182 me ſembloit n’auoir fait autre profit en taſchant de m'in¬

1012 3128 2784 158 struire; ſinon que i’auois découuert de plus en plus mon

1012 3272 2789 182 ignorance. Et neanmoins i'eſtois en l’vne des plus cele¬

1017 3406 2779 211 bres eſcholes de l’Europe, où ie penſois qu’il deuoit y

1017 3589 2779 144 auoir de ſçauans hommes s'il y en auoit en aucun endroit

1012 3713 2784 192 de la terre: I’y auois appris tout ce que les autres y ap¬

1017 3867 2770 187 prenoient; & meſme ne m’eſtant pas contenté des scien¬

1012 4011 2779 173 ces qu’on nous enſeignoit, i’auois parcouru tous les ſcien¬

1012 4155 2779 192 ces, traitans de celles qu'on eſtime les plus curieuſes &

1007 4299 2775 187 les plus rares, qui auoient pû tomber entre mes mains:

1007 4448 2780 191 Auec cela ie ſçauois les iugemens que les autres faiſo¬

1003 4606 2779 168 ient de moy; & ie ne voyois point qu’on m'eſtimaſt infe¬

1003 4764 2784 231 rieur a mes condiſciples, bienqu’il y en euſt deſia entre

3604 4927 183 159 eux
