4267 5796
1179 338 1179 130 DE LA METHODE.

3097 376 82 107 9

420 485 2769 142 Poëſie: Mais ie penſois que l’vne & l’autre eſtoient des

410 598 2760 184 dons de l’eſprit, plutoſt que des fruits de l’eſtude. Ceux

405 767 2769 165 qui ont le raiſonnement le plus fort, & qui digerent le

405 888 2769 174 mieux leurs penſées affin de les rendre claires & intelli¬

410 1038 2769 212 gibles, peuuent toujours le mieux perſuader ce qu’ils

401 1207 2773 184 propoſent, encore qu’ils ne parlaſſent que bas Breton, &

405 1328 2765 207 qu’ils n’euſſent jamais apris de Rhetorique : Et ceux qui

405 1482 2765 189 ont les inuentions les plus agreables & qui les ſçauent

410 1637 2755 169 exprimer auec le plus d’ornement & de douceur ne lair¬

405 1782 2755 188 roient pas d'eſtre les meilleurs Poëtes, encore que l’art

401 1922 1324 159 Poëtique leur fuſt inconnu.

526 2052 2644 213 Ie me plaiſois ſur tout aux Mathematiques, a cauſe de

401 2221 2764 174 la certitude & de l’euidence de leurs raiſons, mais ie ne

396 2371 2769 184 remarquois point encore leur vray vſage, & penſant

396 2516 2769 179 qu'elles ne ſeruoient qu’aux arts Mechaniques, ie m’eſ¬

391 2666 2769 178 tonnois de ce que leurs fondemens eſtans ſi fermes & ſi

386 2811 2774 193 ſolides, on n’auoit rien baſti deſſus de plus releué. Com¬

391 2975 2769 169 me au contraire ie comparois les eſcris des anciens

386 3115 2764 188 payens qui traitent des meurs, à des palais fort ſuperbes,

391 3250 2769 213 & fort magnifiques, qui n’eſtoient baſtis que ſur du ſa¬

386 3400 2769 212 ble, & ſur de la bovë; Ils eſleuent fort haut les vertus, &

386 3550 2769 202 les font paroiſtre eſtimables par deſſus toutes des choſes

391 3719 2759 178 qui ſont au monde, mais ils n’enſeignent pas aſſez a les

386 3844 2769 208 connoiſtre, & ſouuent ce qu'ils appelent d’vn ſi beau

381 3994 2774 217 nom n’eſt qu'vne inſenſibilité, ou vn orgueil, ou vn deſe¬

381 4148 1068 170 ſpoir, ou vn parricide.

502 4284 2648 212 Ie reuerois noſtre Theologie, & pretendois autant

386 4443 2769 203 qu’aucun autre a gaigner le ciel; mais ayant apris com¬

381 4583 2769 222 me choſe tres aſſurée, que le chemin n’en eſt pas moins

386 4752 2769 242 ouuert aux plus ignorans qu’aux plus doctes, & que les

2778 4912 387 193 veritez

1932 4936 92 149 b
