4267 5775
443 519 2764 135 terre toutes les maiſons d’vne ville, pour le ſeul deſſein

438 596 2774 188 de les refaire d’autre façon; & d’en rendre les ruës plus

438 741 2774 187 belles; mais on voit bien que pluſieurs font abatre les leur

428 885 2774 231 pour les rebaſtir, & que meſme quelquefois ils y ſont

433 1044 2764 188 contrains, quand elles ſont en danger de tomber d’elles

433 1207 2760 150 meſmes, & que les fondemens n’en ſont pas bien fermes.

433 1328 2769 212 A l’exemple dequoy ie me perſuaday, qu’il n’y auroit

428 1487 2774 187 veritablement point d’apparence, qu’vn particulier fiſt

433 1621 2769 188 deſſein de reformer vn Eſtat, en y changeant tout dés les

428 1770 2765 174 fondemens, & en le renuerſant pour le redreſſer; Ny,

423 1910 2774 178 meſme auſſy de reformer le cors des ſciences, ou l’ordre

428 2054 2774 179 eſtabli dans les eſcholes pour les enſeigner. Mais que

423 2204 2765 207 pour toutes les opinions que i’auois receuës iuſques alors

423 2362 2779 159 en ma creance, ie ne pouuois mieux faire que d’entre¬

414 2497 2783 222 prendre vne bonne fois de les en oſter, affin d’y en re¬

423 2651 2779 202 mettre par apres, ou d'autres meilleures, oubien les meſ¬

418 2800 2779 174 mes, lorſque ie les aurois aiuſtées au niueau de la raiſon.

414 2959 2788 178 Et ie creu fermement que par ce moyen ie reuſſirois a

414 3099 2788 192 conduire ma vie beaucoup mieux, que ſi ie ne batiſſois

418 3248 2779 197 que ſur de vieux fondemens, & que ie ne m’appuiaſſe

414 3392 2788 207 que ſur les principes que ie m’eſtois laiſſé perſuader en

414 3541 2783 198 ma ieuneſſe, ſans auoir jamais examiné s’ils eſtoient

414 3700 2774 174 vrais. Car bienque ie remarquaſſe en cecy diuerſes diffi¬

404 3835 2798 217 cultez, elles n’eſtoient point toutefois ſans remede, ny

414 3989 2788 197 comparables a celles qui ſe trouuent en la reformation

404 4129 2784 197 des moindres choſes qui touchent le public. Ces grans

409 4287 2798 193 cors ſont trop malayſez à releuer eſtant abatus, ou meſ¬

409 4441 2793 174 me a retenir eſtant esbranſlez, & leurs cheutes ne peu¬

409 4586 2793 202 uent eſtre que tres rudes. Puis pour leurs imperfections,

414 4735 2793 279 s'ils en ont, comme la ſeule diuerſité qui eſt entre eux

2957 4899 284 207 ſuffit

1242 288 1238 183 DE LA METHODE.

3091 355 116 135 15
