4267 5788
458 530 2780 121 noiſtre aſſés qu’elles valoient, pour n’eſtre plus ſuiet a

453 622 2781 207 eſtre trompé, ny par les promeſſes d’vn Alchemiſte, ny

453 771 2781 212 par les predictions d’vn Aſtrologue, ny par les impoſtu¬

458 916 2790 203 res d’vn Magicien, ny par les artifices ou la venterie

448 1070 2786 184 d’aucun de ceux qui ſont profeſſion de ſçauoir plus qu’ils

453 1254 541 159 ne ſçauent.

584 1350 2650 217 C’eſt pourquoy ſitoſt que l’aage me permit de ſortir

458 1524 2776 197 de la ſuietion de mes Precepteurs, ie quittay entiere¬

463 1668 2766 169 ment l’eſtude des lettres. Et me reſoluant de ne cher¬

458 1813 2780 169 cher plus d’autre ſcience, que celle qui ſe pourroit trou¬

448 1958 2790 154 uer en moymeſme, oubien dans le grand liure du mon¬

453 2102 2781 218 de, I'employay le reſte de ma ieuneſſe à voyager, à voir

453 2262 2781 159 des cours, & des armées, à frequenter des gens de diuer¬

448 2406 2786 164 ſes humeurs & conditions, à receuillir diuerſes experi¬

448 2537 2790 178 ences, à m'éſprouuer moymefme dans les rencontres que

444 2676 2785 208 la fortune me propoſoit, & partout à faire telle reflexion

453 2831 2771 178 ſur les choſes qui ſe preſentoient que i’en puſſe tirer

448 2985 2786 188 quelque profit. Car il me ſembloit que ie pourrois ren¬

453 3125 2776 188 contrer beaucoup plus de verité dans les raiſonnemens

448 3289 2786 193 que chaſcun fait, touchant les affaires qui luy importent,

453 3434 2785 188 & dont l’euenement le doit punir bientoſt aprés s’il a mal

448 3583 2790 174 iugé; que dans ceux que fait vn homme de lettres dans

444 3733 2799 164 ſon cabinet touchant des speculations qui ne produiſent

444 3858 2799 232 aucun effect, & qui ne luy font d’autre conſequence, ſi¬

444 4032 2799 183 non que peuteſtre il en tirera d’autant plus de vanité

444 4177 2794 183 qu’elles ſeront plus eſloignées du ſens commun: a cauſe

444 4321 2799 188 qu’il aura deu employer d’autant plus d’eſprit & d’arti¬

439 4461 2809 193 fice à taſcher de les rendre vrayſemblables. Et i’auois

444 4601 2804 203 touſiours vn extreme deſir d’apprendre a diſtinguer

444 4760 2814 251 le vray d’auec le faux, pour voir clair en mes actions,

3156 4934 121 159 &

2090 4924 222 164 b 2

1259 327 1178 174 DE LA METHODE.

3108 400 126 96 11
