4267 5775
1223 351 1156 125 DE LA METHODE.

3130 385 106 105 13

462 519 2774 135 m’entretenir de mes penſées. Entre leſqu’elles l’vne des

457 625 2779 173 premieres, fut que ie m’auiſay de conſiderer, que ſou¬

452 779 2789 159 uent il n’y a pas tant de perfection dans les ouurages

447 933 2789 164 compoſez de pluſieurs pieces, & faits de la main de di¬

447 1068 2741 173 uers maiſtres, qu’en ceux auſquels vn ſeul a trauaillé.

443 1212 2778 169 Ainſi voit on que les baſtimens qu’vn ſeul Architecte a

447 1347 2774 188 entrepris & acheuez, ont couſtume d’eſtre plus beaux &

447 1491 2770 188 mieux ordonnez, que ceux que pluſieurs ont taſché de

452 1650 2760 169 racommoder, en faiſant ſeruir de vieilles murailles qui

438 1785 2769 183 auoient eſté baſties a d’autres fins. Ainſi ces ancienes

438 1949 2774 149 citez, qui n’ayant eſté au commencement que des bour¬

433 2064 2784 221 gades, ſont deuenuës par ſucceſſion de tems de grandes

428 2218 2779 193 villes, ſont ordinairement ſi mal compaſſées, au pris de

433 2377 2769 178 ces places regulieres qu’vn Ingenieur trace a ſa fantaiſie

433 2516 2769 212 dans vne plaine, qu’encore que conſiderant leurs edifi¬

433 2661 2769 226 ces chaſcun a part on y trouue ſouuent autant ou plus

423 2824 2779 193 d’art qu’en ceux des autres; toutefois a voir comme ils

423 2974 2774 183 ſont arrangez, icy vn grand, là vn petit, & comme ils

423 3118 2770 197 rendent les rues courbées & ineſgales, on diroit que c’eſt

423 3262 2774 227 plutoſt la fortune, que la volonté de quelques hommes

423 3407 2765 197 vſans de raiſon, qui les a ainſi diſpoſez. Et ſi on conſide¬

423 3570 2774 198 re qu’il y a eu neanmoins de tout tems quelques offi¬

414 3715 2774 178 ciers, qui ont eu charge de prendre garde aux baſtimens

414 3864 2774 183 des particuliers, pour les faire ſeruir a l’ornement du pu¬

418 3999 2775 207 blic; on connoiſtra bien qu’il eſt malayſé, en ne trauail¬

409 4158 2784 168 lant que ſur les ouurages d’autruy, de faire des choſes

409 4312 2774 202 fort accomplies. Ainſi ie m’imaginay que les peuples,

409 4456 2779 192 qui ayant eſté autrefois demiſauuages, & ne s'eſtant ci¬

409 4605 2779 183 uilisez que peu a peu, n’ont fait leurs loix qu’a meſure

414 4740 2779 250 que l'incommodité des crimes & des querelles les y a

2947 4908 250 149 con¬

1931 4923 260 226 b 3
