4267 5758
1084 369 87 130 8

2073 374 835 129 DISCOURS.

1075 542 2779 139 ſciences apportent des honneurs & des richeſſes a ceux

1075 633 2784 201 qui les cultiuent; Et enfin qu'il eſt bon de les auoir tou¬

1075 786 2779 197 tes examinées, meſme les plus ſuperſtitieuſes & les plus

1079 930 2780 221 fauſſes, affin de connoiſtre leur iuſte valeur, & ſe garder

1079 1094 903 167 d’en eſtre trompé.

1209 1223 2654 187 Mais ie croyois auoir deſia donné aſſez de tems aux

1079 1372 2784 211 langues; & meſme auſſy a la lecture des liures anciens, &

1084 1530 2779 163 a leurs hiſtoires, & a leurs fables. Car c’eſt quaſi le meſ¬

1079 1665 2784 191 me de conuerſer auec ceux des autres ſiecles, que de

1079 1818 2784 192 voyager. Il eſt bon de ſçauoir quelque choſe des meurs

1079 1962 2784 206 de diuers peuples, affin de iuger des noſtres plus saine¬

1079 2111 2780 182 ment, & que nous ne penſions pas que tout ce qui eſt

1079 2260 2784 191 contre nos modes ſoit ridicule, & contre raiſon; ainſi

1079 2413 2775 178 qu'ont couſtume de faire ceux qui n’ont rien vû: Mais

1075 2547 2774 202 lorſqu'on employe trop de tems a voyaſger on deuient

1079 2701 2775 182 enfin eſtranger en ſon païs; & lorſqu'on eſt trop curieux

1070 2835 2779 202 des choſes qui ſe pratiquoient aux ſiecles paſſez, on de¬

1075 3013 2779 149 meure ordinairement fort ignorant de celles qui ſe pra¬

1070 3133 2779 187 tiquent en cetuycy. Outre que les fables font imaginer

1075 3306 2779 167 pluſieurs euenemens comme poſſibles qui ne le ſont

1070 3435 2784 173 point; Et que meſme les hiſtoires les plus fideles, ſi elles

1065 3589 2784 158 ne changent ny n’augment la valeur des choſes pour les

1065 3752 2784 153 rendre plus dignes d’eſtre leuës, au moins en omettent

1070 3872 2779 177 elles preſque touſiours les plus baſſes & moins illuſtres

1070 4021 2774 201 circonſtances, d’où vient que le reſte ne paroiſt pas tel

1070 4174 2769 178 qu’il eſt, & que ceux qui reglent leurs meurs par les

1065 4323 2774 173 exemples qu’ils en tirent, ſont ſuiets a tomber dans les

1070 4452 2765 221 extrauagances des Paladins de nos romans, & a conce¬

1065 4611 2006 177 uoir des deſſeins qui passent leurs forces.

1185 4750 2654 245 I’eſtimois fort l’Eloquence; & i'eſtois amoureux de la

3479 4932 356 178 Poëſie:
