4267 5767
1260 326 1183 154 DE LA METHODE.

3141 398 125 106 5

490 504 2771 159 te durée de ma vie luy pourront permettre d’atteindre.

490 600 2771 207 Car i'en ay deſia receuilly de tels fruits, qu’encore

485 759 2776 202 qu’aux iugemens que ie fais de moymeſme, ie taſche

471 898 2780 207 touſiours de pencher vers le coſté de la defiance, plutoſt

471 1052 2776 202 que vers celuy de la preſomption; & que regardant d’vn

471 1196 2771 192 œil de Philoſophe les diuerſes actions & entrepriſes de

466 1340 2776 207 tous les hommes, il n’y en ait quaſi aucune qui ne me

466 1494 2776 183 ſemble vaine & inutile, Ie ne laiſſe pas de receuoir vne

471 1629 2766 202 extreme ſatiſfaction du progrés que ie penſe auoir deſia

461 1773 2771 202 fait en la recherche de la verité, & de conceuoir de telles

452 1931 2780 197 eſperances pour l’auenir, que ſi entre les occupations des

452 2056 2785 226 hommes, purement hommes, il y en a quelqu'vne qui

447 2215 2776 211 ſoit ſolidement bonne & importante, i'oſe croyre que

447 2364 1246 183 c’eſt celle que iay choiſie.

567 2503 2660 207 Toutefois il ſe peut faire que ie me trompe. & ce n’eſt

432 2676 2786 178 peuteſtre qu’vn peu de cuiure & de verre que ie prens

432 2811 2776 192 pour de l’or & des diamans. Ie ſcay combien nous ſom¬

428 2941 2790 245 mes ſuiets a nous méprendre en ce qui nous touche; &

428 3099 2785 207 combien auſſy les iugemens de nos amis nous doiuent

428 3239 2780 245 eſtre ſuſpects, lorſqu'ils ſont en noſtre faueur. Mais ie

423 3383 2776 226 ſeray bien ayſe de faire voir en ce diſcours quels ſont les

423 3561 2780 197 chemins que iay ſuiuis, & d’y repreſenter ma vie com¬

418 3705 2781 216 me en vn tableau, affin que chaſcun en puiſſe iuger, &

418 3863 2781 197 qu’apprenant du bruit commun les opinions qu’on en

413 3998 2786 231 aura, ce ſoit vn nouueau moyen de m'inſtruire, que i’ad¬

413 4157 2406 197 iouſteray a ceux dont i’ay couſtume de me ſeruir.

529 4296 2665 207 Ainſi mon deſſein n’eſt pas d’enſeigner icy la Metho¬

408 4435 2781 226 de que chaſcun doit ſuiure pour bien conduire ſa raison:

408 4584 2800 217 mais ſeulement de faire voir en quelle forte i’ay taſché

404 4728 2790 274 de conduire la miene. Ceux qui ſe meſlent de donner

3006 4950 178 187 des

2063 4964 231 183 a 3
