4267 7218
2262 415 729 276 Diſcours

1305 661 2643 289 les principes de ce grand

1348 884 2606 337 Philoſophe, & le fond des

1342 1154 2618 331 caracteres qui y ſont décrits,

1342 1425 2624 313 ſont pris de la meſme ſour¬

1342 1678 2624 337 ce; il eſt vray qu’il ſe les rend

1336 1954 2630 367 propres par l’étenduë qu’il

1342 2225 2624 277 leur donne, & par la ſatyre

1336 2490 2630 294 ingenieuſe qu’il en tire con¬

1342 2760 2618 283 tre les vices des Grecs, &

1336 3007 2244 307 ſur tout des Atheniens.

1564 3284 2408 288 Ce Livre ne peut gueres

1330 3530 2636 367 paſſer que pour le commen¬

1342 3789 2630 325 cement d’un plus long ou¬

1342 4090 2642 282 vrage que Theophraſte avoit

1366 4342 2618 295 entrepris. Le projet de ce

1360 4583 2618 337 Philoſophe, comme vous

1354 4854 2624 294 le remarquerez dans ſa Pre¬

1360 5118 2618 283 face, eſtoit de traiter de

1372 5389 2606 277 toutes les vertus, & de tous

1354 5636 2618 348 les vices; Et comme il aſ¬
