4267 7123
362 652 2603 309 rer la lecture, il ne ſera

356 866 2609 404 pas inutile de dire quelque

380 1157 2573 303 choſe de celuy de leur Au¬

374 1418 2597 291 teur. Il eſtoit d’Ereſe, ville

374 1667 2585 297 de Leſbos, fils d’un Foulon;

368 1935 2633 320 il eut pour premier Maiſtre

374 2178 2621 344 dans ſon païs un certain Leu¬

386 2463 2591 297 cipe * qui eſtoit de meſme

380 2706 2621 339 ville que luy; de-là il paſſa

392 2979 2621 291 à l’Ecole de Platon, & s'ar¬

392 3223 2609 314 reſta enſuite à celle d’Ari¬

392 3496 2603 314 ſtote, où il ſe diſtingua en¬

404 3751 2632 326 tre tous ſes diſciples: Ce

398 4006 2638 309 nouveau Maître charmé de la

410 4267 2608 309 facilité de ſon eſprit & de

416 4523 2585 326 la douceur de ſon élocu¬

427 4802 2574 326 tion, luy changea ſon nom,

433 5075 2580 302 qui eſtoit Tyrtame en celuy

433 5312 2585 327 d’Euphraſte, qui ſignifie ce¬

445 5591 2609 380 luy qui parle bien; & ce

3030 2487 672 160 * Un autre

3030 2629 589 196 que Leu¬

3036 2772 672 201 cipe Philo¬

3030 2932 684 190 ſophe cele¬

3030 3092 672 166 bre, & diſ¬

3036 3235 678 231 ciple de Ze¬

3048 3419 280 184 non.

915 427 1349 279 ſur Theophraſte.
