4267 7123
1022 362 1367 302 ſur Theophraſte.

689 629 2347 279 Ainſi cet ouvrage n’eſt

427 825 2627 374 peut-eſtre meſme qu’un ſim¬

427 1115 2627 321 ple fragment, mais cepen¬

439 1359 2615 320 dant un reſte précieux de

433 1644 2585 291 l'antiquité, & un monu¬

416 1869 2626 327 ment de la vivacité de l’eſ¬

416 2148 2632 315 prit & du jugement ferme &

421 2386 2627 332 ſolide de Philoſophe dans

421 2647 2597 338 un âge ſi avancé: En ef¬

427 2908 2615 321 fet il a toûjours eſté lû com¬

433 3169 2615 315 me un chef-d'œuvre dans

427 3436 2627 309 ſon genre: il ne ſe voit

433 3686 2609 320 rien où le goût Attique ſe

421 3959 2651 267 faſſe mieux remarquer, &

439 4196 2609 333 où l’élegance Grecque écla¬

439 4475 2651 309 te davantage: on l’a appellé

439 4736 2597 291 un livre d’or: les Sçavans

439 4980 2591 320 faiſant attention à la diver¬

433 5223 2663 332 ſité des mœurs qui y ſont

439 5561 2603 303 traitées, & à la maniere
