4267 7032
416 679 2555 264 qu’ils peuvent ſuivre; il leur

422 861 2549 240 apprend à faire le diſcernement

422 1095 2549 217 de ceux avec qui ils doivent

422 1289 2555 252 lier quelque commerce, & dont

422 1488 2555 264 l’émulation les portera à imiter

416 1693 2567 275 leurs vertus & leur ſageſſe: Ain¬

427 1939 2532 235 ſi je vais entrer en matiere,

427 2144 2556 223 c’eſt à vous de penetrer dans

427 2349 2556 252 mon ſens, & d’examiner avec

433 2554 2556 252 attention ſi la verité ſe trouve

433 2742 2556 299 dans mes paroles: & ſans faire

433 2953 2567 299 une plus longue Preface, je parle¬

439 3181 2550 270 ray d’abord de la diſſimulation,

439 3398 2567 282 je définiray ce vice, je diray

451 3598 2567 293 ce que c’eſt qu’un homme diſ¬

451 3814 2555 288 ſimulé, je décriray ſes mœurs,

468 4031 2544 264 & je traiteray enſuite des autres

463 4219 2561 392 paſſions, ſuivant le projet que

468 4453 856 305 j’en ay fait.

2045 5936 481 263 C iiij

1043 398 1289 287 de Theophraſte.

2789 457 200 246 55
