4267 7032
1113 539 1243 263 de Theophraſte.

521 808 2474 217 me l’a fait entendre, voilà une

521 972 2479 293 choſe merveilleuſe, & qui paſſe

527 1201 2468 240 toute creance, contez cela à

515 1400 2474 264 d'autres, dois-je vous croire? ou

509 1605 2480 293 me perſuaderay-je qu’il ne m’ait

504 1834 2485 258 pas dit la verité? paroles dou¬

504 2021 2496 276 bles & artificieuſes, dont il faut

504 2244 2502 252 ſe défier comme de ce qu’il y a

509 2449 2474 270 au monde de plus pernicieux:

504 2678 2485 240 ces manieres d’agir ne partent

492 2859 2497 293 point d’un ame ſimple & droi¬

504 3076 2473 252 te, mais d’une mauvaiſe volon¬

504 3293 2473 246 té, ou d’un homme qui veut

498 3504 2485 246 nuire: le venin des Aſpics eſt

498 3709 1371 252 moins à craindre.

767 4137 1917 316 DE LA FLATTERIE.

885 4547 2092 281 A flatterie eſt un commer¬

885 4758 2098 246 ce honteux qui n’eſt utile

498 4986 2479 241 qu’au flatteur. Si un flatteur ſe

498 5186 2467 263 promene avec quelqu’un dans

504 5402 2473 264 la place, remarquez-vous, luy

504 5596 2473 246 dit-il, cõme tout le monde a les

509 5830 2474 293 yeux ſur vous? cela n’arrive qu’à

2789 608 205 183 61

492 4535 381 528 L
