<?xml version="1.0" encoding="UTF-8"?>
<alto xmlns:xsi="http://www.w3.org/2001/XMLSchema-instance"
      xmlns="http://www.loc.gov/standards/alto/ns-v4#"
      xsi:schemaLocation="http://www.loc.gov/standards/alto/ns-v4# http://www.loc.gov/standards/alto/v4/alto-4-2.xsd">
  <Description>
    <MeasurementUnit>pixel</MeasurementUnit>
    <sourceImageInformation>
      <fileName>Bruyere1688_Caracteres_btv1b86070385_corrected_0012.png</fileName>
    </sourceImageInformation>
  </Description>
  <Tags>
    <OtherTag ID="BT7" LABEL="CustomZone" DESCRIPTION="block type CustomZone"/><OtherTag ID="BT8" LABEL="DamageZone" DESCRIPTION="block type DamageZone"/><OtherTag ID="BT9" LABEL="DigitizationArtefactZone" DESCRIPTION="block type DigitizationArtefactZone"/><OtherTag ID="BT10" LABEL="DropCapitalZone" DESCRIPTION="block type DropCapitalZone"/><OtherTag ID="BT11" LABEL="GraphicZone" DESCRIPTION="block type GraphicZone"/><OtherTag ID="BT12" LABEL="MainZone" DESCRIPTION="block type MainZone"/><OtherTag ID="BT13" LABEL="MarginTextZone" DESCRIPTION="block type MarginTextZone"/><OtherTag ID="BT14" LABEL="MusicZone" DESCRIPTION="block type MusicZone"/><OtherTag ID="BT15" LABEL="NumberingZone" DESCRIPTION="block type NumberingZone"/><OtherTag ID="BT17" LABEL="QuireMarksZone" DESCRIPTION="block type QuireMarksZone"/><OtherTag ID="BT18" LABEL="RunningTitleZone" DESCRIPTION="block type RunningTitleZone"/><OtherTag ID="BT19" LABEL="SealZone" DESCRIPTION="block type SealZone"/><OtherTag ID="BT20" LABEL="StampZone" DESCRIPTION="block type StampZone"/><OtherTag ID="BT21" LABEL="TableZone" DESCRIPTION="block type TableZone"/><OtherTag ID="BT22" LABEL="TitlePageZone" DESCRIPTION="block type TitlePageZone"/><OtherTag ID="BT175" LABEL="Stamp" DESCRIPTION="block type Stamp"/><OtherTag ID="BT176" LABEL="Decoration" DESCRIPTION="block type Decoration"/><OtherTag ID="BT177" LABEL="Title" DESCRIPTION="block type Title"/><OtherTag ID="BT178" LABEL="Main" DESCRIPTION="block type Main"/><OtherTag ID="BT179" LABEL="Signatures" DESCRIPTION="block type Signatures"/><OtherTag ID="BT180" LABEL="DropCapital" DESCRIPTION="block type DropCapital"/><OtherTag ID="BT181" LABEL="RunningTitle" DESCRIPTION="block type RunningTitle"/><OtherTag ID="BT182" LABEL="Margin" DESCRIPTION="block type Margin"/><OtherTag ID="BT183" LABEL="Numbering" DESCRIPTION="block type Numbering"/>
    <OtherTag ID="LT7" LABEL="CustomLine" DESCRIPTION="line type CustomLine"/><OtherTag ID="LT8" LABEL="DefaultLine" DESCRIPTION="line type DefaultLine"/><OtherTag ID="LT9" LABEL="DropCapitalLine" DESCRIPTION="line type DropCapitalLine"/><OtherTag ID="LT10" LABEL="HeadingLine" DESCRIPTION="line type HeadingLine"/><OtherTag ID="LT11" LABEL="InterlinearLine" DESCRIPTION="line type InterlinearLine"/><OtherTag ID="LT12" LABEL="MusicLine" DESCRIPTION="line type MusicLine"/><OtherTag ID="LT176" LABEL="Default" DESCRIPTION="line type Default"/><OtherTag ID="LT177" LABEL="Rubric" DESCRIPTION="line type Rubric"/>
  </Tags>
  <Layout>
    <Page WIDTH="4267"
          HEIGHT="7116"
          PHYSICAL_IMG_NR="4"
          ID="eSc_dummypage_">
      <PrintSpace HPOS="0"
                  VPOS="0"
                  WIDTH="4267"
                  HEIGHT="7116">
        <TextBlock HPOS="2166.0"
                   VPOS="459.0"
                   WIDTH="723.0"
                   HEIGHT="253.0"
                   ID="r_1_1"
                   TAGREFS="BT181">
          <Shape><Polygon POINTS="2166 459 2889 459 2889 712 2166 712"/></Shape>
          <TextLine ID="tl_1"
                    TAGREFS="LT176"
                    BASELINE="2174 655 2894 649" 
                    HPOS="2166"
                    VPOS="462"
                    WIDTH="724"
                    HEIGHT="243">
            <Shape><Polygon POINTS="2581 462 2522 462 2462 462 2403 462 2344 462 2284 462 2225 462 2166 462 2172 652 2172 705 2884 676 2890 646 2878 474 2599 474 2581 462 2581 462"/></Shape>
	    <String CONTENT="Diſcours"
                    HPOS="2166"
                    VPOS="462"
                    WIDTH="724"
                    HEIGHT="243"></String>
          </TextLine>
        </TextBlock>
        <TextBlock HPOS="1273.0"
                   VPOS="715.0"
                   WIDTH="2718.0"
                   HEIGHT="5231.0"
                   ID="r_1_2"
                   TAGREFS="BT178">
          <Shape><Polygon POINTS="1273 715 3991 715 3991 5946 1273 5946"/></Shape>
          <TextLine ID="tl_2"
                    TAGREFS="LT176"
                    BASELINE="1274 913 1954 903 2338 905 3138 909 3418 918 3870 904" 
                    HPOS="1264"
                    VPOS="717"
                    WIDTH="2605"
                    HEIGHT="255">
            <Shape><Polygon POINTS="2611 717 2605 717 1264 741 1270 907 1270 948 3857 972 3869 901 3857 759 2961 759 2955 753 2896 723 2890 723 2884 723 2759 753 2741 753 2723 753 2617 717 2611 717"/></Shape>
	    <String CONTENT="mœurs. Les femmes au con¬"
                    HPOS="1264"
                    VPOS="717"
                    WIDTH="2605"
                    HEIGHT="255"></String>
          </TextLine>
          <TextLine ID="tl_3"
                    TAGREFS="LT176"
                    BASELINE="1284 1168 1857 1211 2189 1160 2717 1131 3013 1168 3241 1169 3877 1228" 
                    HPOS="1275"
                    VPOS="931"
                    WIDTH="2600"
                    HEIGHT="320">
            <Shape><Polygon POINTS="1281 1162 1275 1209 1952 1209 2088 1221 2379 1251 2385 1251 2510 1227 2652 1197 2807 1227 2860 1239 2866 1245 3869 1245 3875 1227 3875 1019 2842 954 2836 954 2830 954 2824 954 2759 996 2718 1025 2646 996 2640 996 2634 996 2629 996 2563 996 2178 1008 2124 990 1982 931 1976 931 1970 931 1964 931 1958 931 1893 984 1875 996 1281 978 1281 1162"/></Shape>
	    <String CONTENT="traire, les gens de la Cour,"
                    HPOS="1275"
                    VPOS="931"
                    WIDTH="2600"
                    HEIGHT="320"></String>
          </TextLine>
          <TextLine ID="tl_4"
                    TAGREFS="LT176"
                    BASELINE="1299 1445 1468 1445 1936 1427 2444 1425 2860 1427 3464 1434 3892 1440" 
                    HPOS="1287"
                    VPOS="1239"
                    WIDTH="2600"
                    HEIGHT="255">
            <Shape><Polygon POINTS="1293 1440 1293 1488 1489 1464 1584 1494 1602 1494 1732 1452 2528 1452 2575 1482 2587 1494 2611 1494 2783 1452 2943 1488 2979 1482 3086 1452 3169 1482 3881 1476 3887 1435 3875 1269 3347 1274 3222 1263 3062 1239 2896 1269 2658 1239 2522 1251 2344 1274 2255 1239 1958 1269 1756 1245 1655 1239 1614 1280 1477 1280 1287 1245 1293 1440"/></Shape>
	    <String CONTENT="&amp; tous ceux qui n&#x27;ont que"
                    HPOS="1287"
                    VPOS="1239"
                    WIDTH="2600"
                    HEIGHT="255"></String>
          </TextLine>
          <TextLine ID="tl_5"
                    TAGREFS="LT176"
                    BASELINE="1302 1689 2191 1764 2931 1692 3399 1690 3894 1672" 
                    HPOS="1293"
                    VPOS="1470"
                    WIDTH="2600"
                    HEIGHT="303">
            <Shape><Polygon POINTS="1293 1731 1673 1731 1726 1773 1744 1773 3887 1725 3893 1666 3881 1535 3715 1535 3709 1529 3590 1476 3578 1476 3311 1529 3269 1518 3157 1476 2884 1506 2706 1529 2634 1476 2528 1476 2528 1482 2480 1524 2427 1476 2261 1476 2201 1529 2071 1488 2053 1488 1905 1529 1477 1529 1305 1470 1299 1684 1293 1731"/></Shape>
	    <String CONTENT="beaucoup d’eſprit ſans éru¬"
                    HPOS="1293"
                    VPOS="1470"
                    WIDTH="2600"
                    HEIGHT="303"></String>
          </TextLine>
          <TextLine ID="tl_6"
                    TAGREFS="LT176"
                    BASELINE="1297 1945 1929 1995 2981 1948 3473 1954 3909 1932" 
                    HPOS="1287"
                    VPOS="1737"
                    WIDTH="2617"
                    HEIGHT="302">
            <Shape><Polygon POINTS="2415 1743 2237 1761 2178 1761 2148 1755 2136 1761 1863 1808 1810 1767 1792 1767 1643 1796 1501 1749 1287 1749 1293 1998 1798 1998 1922 2039 1934 2039 2148 1998 2403 2022 2504 1986 2694 2033 2718 2033 2718 2028 2765 1992 3169 2028 3465 1980 3495 1980 3768 2022 3904 1974 3904 1927 3887 1790 3127 1790 3091 1761 3068 1761 2973 1796 2830 1755 2747 1767 2652 1790 2551 1737 2474 1737 2415 1743"/></Shape>
	    <String CONTENT="dition, indifferens pour tou¬"
                    HPOS="1287"
                    VPOS="1737"
                    WIDTH="2617"
                    HEIGHT="302"></String>
          </TextLine>
          <TextLine ID="tl_7"
                    TAGREFS="LT176"
                    BASELINE="1308 2204 1552 2205 1912 2203 2608 2210 3056 2208 3440 2214 3920 2228" 
                    HPOS="1305"
                    VPOS="1992"
                    WIDTH="2611"
                    HEIGHT="291">
            <Shape><Polygon POINTS="1305 2200 1305 2259 1453 2223 1732 2223 1798 2265 1815 2265 1851 2259 1994 2223 2065 2259 2100 2271 2106 2277 2332 2277 2332 2271 2338 2271 2367 2253 2427 2223 2480 2265 2498 2265 2676 2223 2712 2253 2729 2271 2729 2277 2741 2277 2747 2283 2943 2283 2943 2277 2949 2277 3056 2229 3275 2241 3323 2283 3347 2283 3436 2235 3560 2253 3827 2283 3910 2247 3916 2223 3910 2069 3430 2069 3412 2057 3305 2004 2700 2057 2545 2051 2540 2039 2498 2004 2498 1998 2332 1998 2290 2039 2272 2051 2255 2033 2201 1998 2178 1998 2053 2033 1999 2045 1756 1992 1637 1992 1566 2045 1305 2022 1305 2200"/></Shape>
	    <String CONTENT="tes les choſes qui les ont"
                    HPOS="1305"
                    VPOS="1992"
                    WIDTH="2611"
                    HEIGHT="291"></String>
          </TextLine>
          <TextLine ID="tl_8"
                    TAGREFS="LT176"
                    BASELINE="1306 2545 2031 2468 2523 2474 3171 2469 3475 2474 3915 2456" 
                    HPOS="1293"
                    VPOS="2229"
                    WIDTH="2617"
                    HEIGHT="368">
            <Shape><Polygon POINTS="1305 2543 1311 2597 1448 2555 1649 2573 1756 2520 2272 2502 2646 2543 2848 2496 3910 2496 3910 2455 3899 2277 3804 2229 3780 2229 3721 2283 3424 2288 3400 2277 3347 2241 3317 2241 3240 2300 3086 2306 2967 2235 2937 2235 2848 2312 2729 2283 2682 2277 2664 2283 2581 2324 2492 2288 2338 2306 2302 2288 2255 2247 1833 2259 1780 2300 1679 2271 1543 2288 1406 2312 1293 2294 1305 2543"/></Shape>
	    <String CONTENT="précedé ſont avides de cel¬"
                    HPOS="1293"
                    VPOS="2229"
                    WIDTH="2617"
                    HEIGHT="368"></String>
          </TextLine>
          <TextLine ID="tl_9"
                    TAGREFS="LT176"
                    BASELINE="1325 2721 1562 2721 1994 2723 2294 2729 3094 2736 3346 2754 3914 2741" 
                    HPOS="1317"
                    VPOS="2514"
                    WIDTH="2593"
                    HEIGHT="290">
            <Shape><Polygon POINTS="1323 2715 1317 2745 1572 2751 1637 2798 1655 2798 1999 2757 2178 2787 2332 2757 2373 2793 2373 2798 2676 2775 2706 2798 2706 2804 2723 2804 3904 2763 3910 2739 3893 2538 3673 2579 3596 2520 3424 2520 3347 2573 3216 2520 3198 2520 3109 2543 3002 2579 2943 2532 2943 2526 2919 2526 2872 2549 2860 2549 2706 2514 2688 2514 2688 2520 2634 2567 2534 2532 2516 2532 2361 2573 2148 2514 2124 2514 2065 2561 2041 2573 1323 2573 1323 2715"/></Shape>
	    <String CONTENT="les qui ſe paſſent à leurs"
                    HPOS="1317"
                    VPOS="2514"
                    WIDTH="2593"
                    HEIGHT="290"></String>
          </TextLine>
          <TextLine ID="tl_10"
                    TAGREFS="LT176"
                    BASELINE="1328 3053 1761 2982 1892 3035 2217 2992 2629 2986 3133 2997 3929 3004" 
                    HPOS="1317"
                    VPOS="2787"
                    WIDTH="2611"
                    HEIGHT="290">
            <Shape><Polygon POINTS="1323 3048 1323 3077 1946 3042 2053 3077 2071 3077 2172 3048 2255 3053 2445 3077 2670 3030 2866 3065 3103 3024 3151 3053 3851 3048 3928 3012 3928 3000 3916 2828 3525 2834 3495 2828 3400 2798 3376 2798 3376 2804 3347 2828 3341 2840 3038 2840 3020 2834 2955 2787 2735 2787 2735 2793 2670 2852 2611 2834 2540 2816 2528 2816 2391 2834 2249 2858 2225 2834 2189 2810 2189 2804 2023 2804 2023 2810 1964 2870 1881 2870 1821 2840 1780 2810 1317 2840 1323 3048"/></Shape>
	    <String CONTENT="yeux, &amp; qui ſont comme"
                    HPOS="1317"
                    VPOS="2787"
                    WIDTH="2611"
                    HEIGHT="290"></String>
          </TextLine>
          <TextLine ID="tl_11"
                    TAGREFS="LT176"
                    BASELINE="1335 3241 1711 3234 2147 3248 2687 3251 2815 3283 3115 3257 3447 3254 3931 3228" 
                    HPOS="1323"
                    VPOS="3030"
                    WIDTH="2605"
                    HEIGHT="278">
            <Shape><Polygon POINTS="1329 3237 1329 3308 3750 3308 3750 3303 3928 3267 3928 3225 3916 3083 3815 3083 3815 3077 3762 3036 3762 3030 3732 3030 3637 3089 3311 3089 3258 3036 3258 3030 3234 3030 3145 3077 3127 3083 3091 3077 2937 3036 2913 3036 2913 3042 2860 3089 2789 3071 2676 3048 2664 3048 2498 3095 2011 3089 1982 3065 1946 3042 1667 3048 1620 3089 1489 3048 1323 3059 1329 3237"/></Shape>
	    <String CONTENT="ſous leur main; ils les exa¬"
                    HPOS="1323"
                    VPOS="3030"
                    WIDTH="2605"
                    HEIGHT="278"></String>
          </TextLine>
          <TextLine ID="tl_12"
                    TAGREFS="LT176"
                    BASELINE="1342 3501 2046 3508 2142 3556 2450 3509 2782 3511 3938 3568" 
                    HPOS="1335"
                    VPOS="3279"
                    WIDTH="2599"
                    HEIGHT="332">
            <Shape><Polygon POINTS="1341 3498 1335 3522 2261 3569 2629 3540 2652 3552 2688 3581 3299 3557 3341 3569 3424 3599 3637 3575 3715 3569 3833 3611 3851 3611 3928 3581 3934 3563 3934 3391 3685 3332 3275 3356 3234 3314 3234 3308 3127 3303 2830 3303 2765 3356 2557 3291 2540 3291 2427 3344 2296 3279 2278 3279 2166 3338 2029 3338 1976 3291 1952 3291 1857 3320 1341 3320 1341 3498"/></Shape>
	    <String CONTENT="minent, ils les diſcernent,"
                    HPOS="1335"
                    VPOS="3279"
                    WIDTH="2599"
                    HEIGHT="332"></String>
          </TextLine>
          <TextLine ID="tl_13"
                    TAGREFS="LT176"
                    BASELINE="1337 3761 1541 3761 1869 3759 2685 3775 3101 3776 3433 3778 3945 3780" 
                    HPOS="1329"
                    VPOS="3552"
                    WIDTH="2611"
                    HEIGHT="308">
            <Shape><Polygon POINTS="1335 3759 1329 3812 1602 3789 1637 3824 1655 3836 1655 3842 1679 3842 1738 3824 1798 3801 1875 3848 1887 3848 1893 3854 2106 3854 2106 3848 2118 3848 2118 3842 2142 3824 2166 3795 2255 3795 2480 3842 2682 3812 2824 3860 2836 3860 2996 3824 3086 3807 3453 3848 3934 3824 3940 3777 3928 3587 3738 3611 3489 3575 3465 3575 3388 3611 3252 3575 3222 3569 3198 3569 3198 3575 3192 3575 3151 3623 2931 3623 2700 3617 2605 3563 2575 3563 2474 3611 2296 3557 2272 3557 2272 3563 2231 3605 1905 3605 1833 3575 1815 3575 1738 3605 1335 3552 1335 3759"/></Shape>
	    <String CONTENT="ils ne perdent pas de veuë"
                    HPOS="1329"
                    VPOS="3552"
                    WIDTH="2611"
                    HEIGHT="308"></String>
          </TextLine>
          <TextLine ID="tl_14"
                    TAGREFS="LT176"
                    BASELINE="1347 4017 1584 4021 2580 4030 2980 4032 3288 4053 3948 3992" 
                    HPOS="1335"
                    VPOS="3818"
                    WIDTH="2611"
                    HEIGHT="303">
            <Shape><Polygon POINTS="1341 4014 1341 4067 1726 4121 1887 4067 2160 4067 2195 4097 2219 4097 2296 4062 2581 4062 2682 4103 2688 4103 2694 4109 3008 4109 3008 4103 3489 4062 3768 4085 3946 4032 3946 3990 3928 3866 3560 3866 3489 3836 3477 3836 3364 3860 3287 3872 3032 3818 3014 3818 2925 3878 2759 3842 2581 3884 2540 3848 2510 3848 2474 3872 2302 3836 2290 3836 2118 3884 2005 3848 1976 3836 1964 3836 1899 3842 1620 3890 1548 3842 1335 3842 1341 4014"/></Shape>
	    <String CONTENT="les perſonnes qui les entou¬"
                    HPOS="1335"
                    VPOS="3818"
                    WIDTH="2611"
                    HEIGHT="303"></String>
          </TextLine>
          <TextLine ID="tl_15"
                    TAGREFS="LT176"
                    BASELINE="1350 4281 1826 4331 2035 4288 2935 4296 3303 4293 3958 4260" 
                    HPOS="1341"
                    VPOS="4067"
                    WIDTH="2611"
                    HEIGHT="273">
            <Shape><Polygon POINTS="1347 4275 1341 4340 3946 4334 3952 4257 3946 4121 3851 4073 3845 4073 3839 4073 3833 4073 3732 4103 3697 4067 3691 4067 3685 4067 3679 4067 3673 4067 3554 4097 3436 4067 3430 4067 3424 4067 3418 4067 3281 4115 3062 4067 3056 4067 3050 4067 3044 4067 2973 4121 2397 4121 2302 4067 2296 4067 2290 4067 2083 4097 1940 4067 1934 4067 1928 4067 1922 4067 1922 4073 1875 4121 1566 4121 1477 4079 1471 4079 1465 4079 1459 4079 1347 4115 1347 4275"/></Shape>
	    <String CONTENT="rent, ſi charmez des deſcri¬"
                    HPOS="1341"
                    VPOS="4067"
                    WIDTH="2611"
                    HEIGHT="273"></String>
          </TextLine>
          <TextLine ID="tl_16"
                    TAGREFS="LT176"
                    BASELINE="1349 4621 1929 4543 2214 4548 2581 4550 3533 4562 3957 4556" 
                    HPOS="1341"
                    VPOS="4346"
                    WIDTH="2611"
                    HEIGHT="326">
            <Shape><Polygon POINTS="1347 4619 1347 4672 1519 4672 1519 4666 1531 4666 1673 4589 1910 4589 2178 4625 2290 4583 2510 4607 2587 4577 2652 4637 2652 4643 2664 4643 2670 4649 2759 4649 2759 4643 2771 4643 2842 4583 2902 4613 3175 4589 3222 4625 3222 4631 3258 4631 3578 4577 3631 4619 3952 4613 3952 4554 3934 4346 3590 4382 3507 4352 3246 4388 2979 4364 2902 4394 2860 4352 2854 4352 2854 4346 2830 4346 2670 4400 2445 4352 2409 4358 2261 4394 2195 4358 2178 4352 2166 4352 2047 4358 1988 4411 1810 4364 1792 4364 1596 4400 1341 4370 1347 4619"/></Shape>
	    <String CONTENT="ptions &amp; des peintures que"
                    HPOS="1341"
                    VPOS="4346"
                    WIDTH="2611"
                    HEIGHT="326"></String>
          </TextLine>
          <TextLine ID="tl_17"
                    TAGREFS="LT176"
                    BASELINE="1352 4805 1724 4802 2140 4808 2464 4810 3064 4812 3964 4784" 
                    HPOS="1341"
                    VPOS="4595"
                    WIDTH="2617"
                    HEIGHT="297">
            <Shape><Polygon POINTS="1347 4803 1347 4850 1697 4892 1715 4892 1715 4886 1756 4850 1982 4850 2053 4886 2065 4886 2498 4838 2795 4874 3958 4838 3958 4779 3940 4649 3424 4649 3359 4619 3341 4619 3210 4655 2996 4613 2979 4613 2925 4649 2890 4613 2866 4613 2741 4649 2623 4595 2599 4595 2599 4601 2534 4660 2397 4601 2261 4601 2189 4655 2083 4607 1798 4607 1756 4643 1649 4613 1637 4613 1341 4684 1347 4803"/></Shape>
	    <String CONTENT="l&#x27;on fait de leurs contem¬"
                    HPOS="1341"
                    VPOS="4595"
                    WIDTH="2617"
                    HEIGHT="297"></String>
          </TextLine>
          <TextLine ID="tl_18"
                    TAGREFS="LT176"
                    BASELINE="1358 5141 2047 5064 2195 5112 2603 5066 3191 5077 3959 5048" 
                    HPOS="1341"
                    VPOS="4838"
                    WIDTH="2617"
                    HEIGHT="368">
            <Shape><Polygon POINTS="1353 5135 1353 5176 1418 5206 1442 5206 1442 5200 1489 5153 1946 5135 2041 5153 2124 5165 2142 5165 2160 5147 2183 5135 2593 5147 2664 5135 2765 5111 2818 5147 2842 5147 2973 5111 3121 5135 3958 5093 3958 5046 3934 4838 3554 4898 3068 4892 3032 4921 2884 4915 2830 4868 2807 4844 2783 4844 2723 4874 2652 4904 2569 4874 2504 4856 2486 4856 2296 4951 2195 4927 2172 4927 2172 4933 2130 4969 1910 4892 1341 4910 1353 5135"/></Shape>
	    <String CONTENT="porains, de leurs conci¬"
                    HPOS="1341"
                    VPOS="4838"
                    WIDTH="2617"
                    HEIGHT="368"></String>
          </TextLine>
          <TextLine ID="tl_19"
                    TAGREFS="LT176"
                    BASELINE="1365 5321 1978 5323 2113 5372 2438 5321 3002 5340 3594 5343 3990 5341" 
                    HPOS="1359"
                    VPOS="5129"
                    WIDTH="2629"
                    HEIGHT="279">
            <Shape><Polygon POINTS="1364 5319 1359 5360 1483 5360 1531 5396 1531 5402 1554 5402 1715 5360 1982 5360 2023 5396 2023 5402 2035 5402 2041 5408 2261 5408 2261 5402 2272 5402 2320 5360 2551 5360 2593 5396 2593 5402 2617 5402 2706 5372 2854 5402 3121 5366 3643 5366 3673 5396 3673 5402 3691 5402 3982 5366 3988 5337 3988 5188 3863 5135 3596 5165 3560 5135 3560 5129 3198 5141 3097 5182 3080 5182 2706 5129 2581 5188 2456 5188 2445 5176 2350 5129 2243 5129 2243 5135 2195 5176 2189 5188 2029 5188 1982 5147 1952 5147 1905 5176 1620 5147 1364 5170 1364 5319"/></Shape>
	    <String CONTENT="toyens, de ceux enfin qui"
                    HPOS="1359"
                    VPOS="5129"
                    WIDTH="2629"
                    HEIGHT="279"></String>
          </TextLine>
          <TextLine ID="tl_20"
                    TAGREFS="LT176"
                    BASELINE="1364 5577 1725 5578 3092 5640 3421 5606 3609 5599 3969 5596" 
                    HPOS="1353"
                    VPOS="5342"
                    WIDTH="2611"
                    HEIGHT="356">
            <Shape><Polygon POINTS="1353 5603 1810 5597 1845 5627 1869 5627 1940 5597 1982 5621 1999 5639 2023 5639 2083 5627 2118 5615 2136 5627 2154 5645 2824 5639 3056 5675 3418 5645 3673 5651 3673 5657 3774 5698 3798 5698 3798 5692 3833 5663 3958 5663 3964 5591 3958 5425 3721 5425 3614 5479 3495 5420 3246 5408 3068 5461 2913 5414 2729 5437 2658 5384 2498 5378 2267 5420 2166 5366 2065 5366 2065 5372 2005 5425 1507 5414 1364 5342 1359 5574 1353 5603"/></Shape>
	    <String CONTENT="leur reſſemblent, &amp; à qui"
                    HPOS="1353"
                    VPOS="5342"
                    WIDTH="2611"
                    HEIGHT="356"></String>
          </TextLine>
          <TextLine ID="tl_21"
                    TAGREFS="LT176"
                    BASELINE="1359 5845 1563 5841 1899 5847 2735 5879 3175 5869 3971 5833" 
                    HPOS="1347"
                    VPOS="5639"
                    WIDTH="2623"
                    HEIGHT="362">
            <Shape><Polygon POINTS="1353 5841 1353 6001 1738 6001 1738 5995 1750 5995 1845 5941 2302 5941 2379 5971 2403 5971 2439 5941 2729 5941 2795 5995 2907 5995 2973 5989 3032 5941 3175 5989 3186 5989 3376 5947 3465 5983 3477 5983 3691 5935 3964 5989 3970 5829 3958 5704 3774 5704 3691 5639 3483 5639 3412 5692 3400 5698 3080 5698 3032 5680 2973 5663 2955 5663 2789 5704 2385 5698 2344 5669 2332 5657 2047 5651 2035 5651 1952 5698 1910 5663 1899 5663 1881 5657 1679 5651 1673 5657 1620 5686 1531 5645 1347 5645 1353 5841"/></Shape>
	    <String CONTENT="ils ne croyent pas reſſem¬"
                    HPOS="1347"
                    VPOS="5639"
                    WIDTH="2623"
                    HEIGHT="362"></String>
          </TextLine>
        </TextBlock>
      </PrintSpace>
    </Page>
  </Layout>
</alto>
