4267 7170
2193 418 711 269 Diſcours

1260 681 2600 251 naïve dont tous les cara¬

1266 896 2600 304 cteres y ſont exprimez, &

1255 1159 2611 292 la comparant d’ailleurs avec

1255 1422 2617 256 celle du Poëte Menandre

1255 1649 2617 334 diſciple de Theophraſte, &

1243 1929 2629 329 qui ſervit enſuite de mo¬

1249 2216 2623 281 dele à Terence, qu’on a

1255 2449 2623 299 dans nos jours ſi heureuſe¬

1255 2736 2617 281 ment imité, ne peuvent

1255 2975 2617 299 s'empêcher de reconnoiſtre

1260 3244 2618 311 dans ce petit ouvrage la pre¬

1260 3501 2618 269 miere ſource de tout le co¬

1278 3740 2594 364 mique, je dis de celuy qui eſt

1266 4009 2618 316 épuré des pointes, des obſce¬

1272 4278 2600 334 nitez, des équivoques, qui eſt

1255 4546 2623 299 pris dans la nature, qui fait

1260 4839 2612 257 rire les ſages & les vertueux.

1464 5072 2408 305 Mais peut-eſtre que pour

1255 5317 2617 305 relever le merite de ce traité

1260 5592 2600 377 des Caracteres, & en inſpi¬
