4267 7131
481 629 2603 274 ſure luy-meſme dans cet

487 867 2597 285 endroit qu’il commence un

505 1099 2591 350 ſi grand deſſein à l’âge de

493 1366 2609 345 quatre-vingt dix-neuf ans,

499 1646 2609 326 il y a apparence qu’une

487 1865 2627 399 prompte mort l’empêcha de

505 2139 2603 309 le conduire à ſa perfection.

499 2412 2609 333 J’avoüe que l’opinion com¬

517 2662 2597 327 mune a toûjours eſté qu’il

517 2911 2603 327 avoit pouſſé ſa vie au delà de

522 3185 2603 291 cent ans; & ſaint Jerôme

517 3440 2614 327 dans une Lettre qu’il écrit

534 3690 2609 344 à Nepotien aſſure qu’il eſt

534 3975 2603 297 mort à cent ſept ans ac¬

540 4242 2615 309 complis: de ſorte que je ne

546 4492 2597 327 doute point qu’il n’y ait eû

552 4754 2597 279 une ancienne erreur ou dans

546 4991 2603 315 les chiffres Grecs qui ont ſer¬

558 5229 2591 374 vi de regle à Diogene Laër¬

564 5550 2597 428 ce qui ne le fait vivre que

1093 320 1331 345 ſur Theophraſte.
