4267 7032
1060 492 1220 281 de Theophraſte.

463 738 2555 269 flatteuſes pour adoucir ceux qui

463 931 2573 305 ſe plaignent de luy, & qui ſont

463 1160 2555 281 aigris par les injures qu’ils en ont

457 1359 2555 275 receuës. S’il arrive que quel¬

457 1541 2561 340 qu’un l’aborde avec empreſſe¬

457 1781 2567 281 ment, il feint des affaires, &

457 1998 2555 281 luy dit de revenir une autrefois;

451 2209 2585 293 il cache ſoigneuſement tout ce

457 2402 2567 340 qu’il fait, à l’entendre par¬

457 2619 2573 281 ler, on croiroit toûjours qu’il

457 2818 2573 299 delibere; il ne parle point indif¬

463 3047 2567 293 feremment, il a ſes raiſons pour

463 3264 2567 293 dire tantoſt qu’il ne fait que re¬

468 3457 2568 293 venir de la campagne, tantoſt

468 3668 2562 316 qu’il eſt arrivé à la ville fort

474 3891 2562 281 tard, & quelquefois qu’il eſt

474 4131 2556 264 languiſſant, ou qu il a une mau¬

480 4318 2556 258 vaiſe ſanté. Il dit à celuy qui luy

480 4541 2550 264 emprunte de l’argent à intereſt,

474 4740 2567 293 ou qui le prie de contribuer * de

480 4969 2550 258 ſa part à une ſomme que ſes

480 5150 2544 311 amis conſentent de luy preſter;

474 5350 2567 345 qu’il ne vend rien, qu’il ne s’eſt

474 5584 2562 311 jamais veu ſi dénué d’argent;

474 5801 2579 375 pendant qu’il dit aux autres que

2027 6070 393 223 C vj

3088 4805 680 140 *Cette ſor¬

3088 4922 657 176 te de con¬

3077 5063 533 181 tribution

3077 5221 685 181 eſtoit fre¬

3077 5373 562 188 quente à

3094 5514 586 176 Athenes,

3100 5660 668 200 & autoriſée

3094 5818 663 235 par les loix

2772 527 252 211 59
