4267 7155
1002 524 1349 340 ſur Teophraſte.

429 793 2614 304 la domination de leur païs

423 1001 2620 406 il ſe joignit à * Phydias

399 1287 2644 346 ſon compatriote, contribua

405 1556 2638 334 avec luy de ſes biens pour

399 1830 2638 292 armer les bannis qui rentre¬

399 2074 2632 322 rent dans leur ville, en chaſ¬

381 2355 2644 286 ſerent les traîtres, & ren¬

381 2599 2638 292 dirent à toute l'Iſle de Leſ¬

381 2826 1451 310 bos ſa liberté.

513 3112 2506 322 Tant de rares qualitez ne

370 3404 2649 292 luy acquirent pas ſeulement

352 3619 2661 363 la bienveillance du peuple,

381 3911 2626 274 mais encore l’eſtime & la fa¬

370 4137 2637 334 miliarité des Rois: il fut ami

370 4412 2637 328 de Caſſandre qui avoit ſuc¬

358 4668 2649 310 cedé à Aridée frere d’Ale¬

370 4942 2637 305 xandre le Grand au Royau¬

370 5205 2631 280 me de Macedoine; & Pto¬

340 5455 2661 328 lomée, fils de Lagus & pre¬

364 5741 2619 328 mier Roy d’Egypte entre¬

370 6051 2190 299 *Un Autre que le fameux Sculpteur.

2661 6059 155 261 B
