4267 7123
921 468 1378 297 ſur Theophraſte.

362 753 2615 256 il ſe declara de cette manie¬

368 961 2597 315 re: Il feignit peu de temps

380 1216 2597 327 aprés que ſes diſciples luy

374 1489 2603 303 eurent fait cette priere &

386 1733 2597 332 en leur preſence, que le vin.

380 1994 2609 338 dont faiſoit un uſage or¬

392 2267 2597 273 dinaire luy eſtoit nuiſible,

374 2510 2609 351 il ſe fit apporter des vins de

380 2760 2603 326 Rhodes & de Leſbos, il goû¬

398 3021 2597 338 ta de tous les deux, dit qu'ils

410 3306 2603 302 ne dementoient point leur

416 3555 2597 327 terroir, & que chacun dans

421 3822 2603 297 ſon genre eſtoit excellent,

439 4077 2585 345 que le premier avoit de la

433 4321 2597 320 force, mais que celuy de

445 4582 2591 350 Leſbos avoit plus de dou¬

457 4837 2585 356 ceur, & qu’il luy donnoit

469 5098 2579 345 la préference: Quoy qu'il

487 5354 2579 332 en ſoit de ce fait qu’on lit

475 5627 2591 362 dans Aulugelle, il eſt cer¬
