<?xml version="1.0" encoding="UTF-8"?>
<alto xmlns:xsi="http://www.w3.org/2001/XMLSchema-instance"
      xmlns="http://www.loc.gov/standards/alto/ns-v4#"
      xsi:schemaLocation="http://www.loc.gov/standards/alto/ns-v4# http://www.loc.gov/standards/alto/v4/alto-4-2.xsd">
  <Description>
    <MeasurementUnit>pixel</MeasurementUnit>
    <sourceImageInformation>
      <fileName>Bruyere1688_Caracteres_btv1b86070385_corrected_0034.png</fileName>
    </sourceImageInformation>
  </Description>
  <Tags>
    <OtherTag ID="BT7" LABEL="CustomZone" DESCRIPTION="block type CustomZone"/><OtherTag ID="BT8" LABEL="DamageZone" DESCRIPTION="block type DamageZone"/><OtherTag ID="BT9" LABEL="DigitizationArtefactZone" DESCRIPTION="block type DigitizationArtefactZone"/><OtherTag ID="BT10" LABEL="DropCapitalZone" DESCRIPTION="block type DropCapitalZone"/><OtherTag ID="BT11" LABEL="GraphicZone" DESCRIPTION="block type GraphicZone"/><OtherTag ID="BT12" LABEL="MainZone" DESCRIPTION="block type MainZone"/><OtherTag ID="BT13" LABEL="MarginTextZone" DESCRIPTION="block type MarginTextZone"/><OtherTag ID="BT14" LABEL="MusicZone" DESCRIPTION="block type MusicZone"/><OtherTag ID="BT15" LABEL="NumberingZone" DESCRIPTION="block type NumberingZone"/><OtherTag ID="BT17" LABEL="QuireMarksZone" DESCRIPTION="block type QuireMarksZone"/><OtherTag ID="BT18" LABEL="RunningTitleZone" DESCRIPTION="block type RunningTitleZone"/><OtherTag ID="BT19" LABEL="SealZone" DESCRIPTION="block type SealZone"/><OtherTag ID="BT20" LABEL="StampZone" DESCRIPTION="block type StampZone"/><OtherTag ID="BT21" LABEL="TableZone" DESCRIPTION="block type TableZone"/><OtherTag ID="BT22" LABEL="TitlePageZone" DESCRIPTION="block type TitlePageZone"/><OtherTag ID="BT175" LABEL="Stamp" DESCRIPTION="block type Stamp"/><OtherTag ID="BT176" LABEL="Decoration" DESCRIPTION="block type Decoration"/><OtherTag ID="BT177" LABEL="Title" DESCRIPTION="block type Title"/><OtherTag ID="BT178" LABEL="Main" DESCRIPTION="block type Main"/><OtherTag ID="BT179" LABEL="Signatures" DESCRIPTION="block type Signatures"/><OtherTag ID="BT180" LABEL="DropCapital" DESCRIPTION="block type DropCapital"/><OtherTag ID="BT181" LABEL="RunningTitle" DESCRIPTION="block type RunningTitle"/><OtherTag ID="BT182" LABEL="Margin" DESCRIPTION="block type Margin"/><OtherTag ID="BT183" LABEL="Numbering" DESCRIPTION="block type Numbering"/>
    <OtherTag ID="LT7" LABEL="CustomLine" DESCRIPTION="line type CustomLine"/><OtherTag ID="LT8" LABEL="DefaultLine" DESCRIPTION="line type DefaultLine"/><OtherTag ID="LT9" LABEL="DropCapitalLine" DESCRIPTION="line type DropCapitalLine"/><OtherTag ID="LT10" LABEL="HeadingLine" DESCRIPTION="line type HeadingLine"/><OtherTag ID="LT11" LABEL="InterlinearLine" DESCRIPTION="line type InterlinearLine"/><OtherTag ID="LT12" LABEL="MusicLine" DESCRIPTION="line type MusicLine"/><OtherTag ID="LT176" LABEL="Default" DESCRIPTION="line type Default"/><OtherTag ID="LT177" LABEL="Rubric" DESCRIPTION="line type Rubric"/>
  </Tags>
  <Layout>
    <Page WIDTH="4267"
          HEIGHT="7202"
          PHYSICAL_IMG_NR="26"
          ID="eSc_dummypage_">
      <PrintSpace HPOS="0"
                  VPOS="0"
                  WIDTH="4267"
                  HEIGHT="7202">
        <TextBlock HPOS="2306.0"
                   VPOS="512.0"
                   WIDTH="723.0"
                   HEIGHT="273.0"
                   ID="r_1_1"
                   TAGREFS="BT181">
          <Shape><Polygon POINTS="2306 512 3029 512 3029 785 2306 785"/></Shape>
          <TextLine ID="tl_1"
                    TAGREFS="LT176"
                    BASELINE="2310 717 3030 693" 
                    HPOS="2307"
                    VPOS="516"
                    WIDTH="721"
                    HEIGHT="252">
            <Shape><Polygon POINTS="2956 516 2896 516 2836 516 2788 516 2710 540 2656 552 2644 540 2608 516 2596 516 2536 516 2476 516 2452 516 2403 558 2397 570 2337 570 2307 714 2307 768 3028 768 3028 690 3016 516 2956 516"/></Shape>
	    <String CONTENT="Diſcours"
                    HPOS="2307"
                    VPOS="516"
                    WIDTH="721"
                    HEIGHT="252"></String>
          </TextLine>
        </TextBlock>
        <TextBlock HPOS="1177.0"
                   VPOS="748.0"
                   WIDTH="2946.0"
                   HEIGHT="5363.0"
                   ID="r_1_2"
                   TAGREFS="BT178">
          <Shape><Polygon POINTS="1177 748 4026 748 4123 5981 1264 6111"/></Shape>
          <TextLine ID="tl_2"
                    TAGREFS="LT176"
                    BASELINE="1180 1001 1302 1001 2259 1066 2533 971 3157 955 3971 1012" 
                    HPOS="1171"
                    VPOS="750"
                    WIDTH="2795"
                    HEIGHT="354">
            <Shape><Polygon POINTS="3040 750 2830 780 2770 750 2614 750 2548 756 2494 804 2427 750 2283 750 2109 828 1424 810 1382 768 1364 768 1220 792 1183 870 1177 996 1171 1032 2241 1086 2500 1026 2572 1098 2572 1104 2596 1104 2728 1044 2776 1026 3954 1050 3966 1008 3966 828 3623 768 3215 816 3191 816 3095 804 3046 756 3046 750 3040 750"/></Shape>
	    <String CONTENT="„ beaucoup de choſes inutiles,"
                    HPOS="1171"
                    VPOS="750"
                    WIDTH="2795"
                    HEIGHT="354"></String>
          </TextLine>
          <TextLine ID="tl_3"
                    TAGREFS="LT176"
                    BASELINE="1189 1261 1308 1261 1545 1280 2084 1245 2298 1316 2600 1230 2812 1224 3208 1223 3560 1214 3971 1196" 
                    HPOS="1177"
                    VPOS="1008"
                    WIDTH="2789"
                    HEIGHT="360">
            <Shape><Polygon POINTS="1183 1350 1664 1368 2091 1314 2127 1314 2211 1344 2223 1344 2662 1290 2686 1290 2932 1320 3173 1278 3209 1308 3239 1308 3293 1266 3732 1290 3966 1236 3966 1194 3948 1044 3623 1050 3575 1014 3545 1014 3491 1050 3407 1008 3389 1008 3233 1068 3185 1056 3113 1044 2896 1062 2668 1086 2584 1068 2476 1050 2464 1050 2331 1092 1965 1062 1839 1086 1646 1128 1526 1092 1496 1086 1478 1086 1442 1098 1322 1128 1177 1104 1183 1260 1183 1350"/></Shape>
	    <String CONTENT="„ &amp; qu’il y en a peu qui me¬"
                    HPOS="1177"
                    VPOS="1008"
                    WIDTH="2789"
                    HEIGHT="360"></String>
          </TextLine>
          <TextLine ID="tl_4"
                    TAGREFS="LT176"
                    BASELINE="1192 1521 1306 1521 1810 1523 2026 1519 2474 1496 2849 1484 3517 1475 3662 1482 3982 1480" 
                    HPOS="1183"
                    VPOS="1266"
                    WIDTH="2795"
                    HEIGHT="342">
            <Shape><Polygon POINTS="1189 1518 1189 1584 1226 1608 1845 1602 2169 1548 2427 1590 2446 1590 2470 1566 2482 1560 2494 1566 2506 1578 2524 1578 2710 1566 3161 1530 3287 1530 3323 1560 3329 1566 3329 1572 3341 1572 3347 1578 3347 1572 3359 1572 3359 1566 3365 1560 3401 1530 3726 1566 3768 1560 3906 1530 3966 1560 3978 1476 3972 1290 3924 1266 3894 1266 3840 1308 3786 1344 3563 1344 3509 1314 3419 1278 2962 1284 2860 1332 2842 1344 2824 1338 2740 1290 2572 1290 2572 1296 2518 1344 2500 1356 2440 1344 2223 1314 2031 1368 2013 1362 1911 1302 1893 1302 1742 1368 1718 1374 1652 1350 1640 1350 1183 1380 1189 1518"/></Shape>
	    <String CONTENT="„ nent à une fin ſolide: ce"
                    HPOS="1183"
                    VPOS="1266"
                    WIDTH="2795"
                    HEIGHT="342"></String>
          </TextLine>
          <TextLine ID="tl_5"
                    TAGREFS="LT176"
                    BASELINE="1195 1785 1313 1785 1805 1790 2412 1761 2576 1762 3094 1822 3260 1741 3980 1713" 
                    HPOS="1183"
                    VPOS="1530"
                    WIDTH="2795"
                    HEIGHT="342">
            <Shape><Polygon POINTS="1189 1782 1189 1836 1220 1866 1244 1866 1340 1830 1388 1866 1400 1866 1406 1872 1574 1872 1574 1866 1586 1866 1586 1860 1616 1836 1724 1860 1742 1860 1742 1854 1784 1818 2043 1860 2199 1812 2223 1812 2470 1854 2710 1812 2914 1848 3197 1806 3203 1800 3978 1794 3978 1710 3966 1572 3371 1530 3353 1530 3353 1536 3287 1602 3034 1548 3022 1548 2884 1584 2722 1548 2704 1548 2626 1596 2602 1614 2397 1614 2355 1584 2337 1584 2049 1620 2013 1614 1947 1590 1929 1590 1839 1620 1712 1554 1694 1554 1592 1608 1526 1560 1496 1560 1496 1566 1430 1632 1183 1632 1189 1782"/></Shape>
	    <String CONTENT="„ n’eſt point à moy à délibe¬"
                    HPOS="1183"
                    VPOS="1530"
                    WIDTH="2795"
                    HEIGHT="342"></String>
          </TextLine>
          <TextLine ID="tl_6"
                    TAGREFS="LT176"
                    BASELINE="1192 2053 1318 2053 1646 2052 2070 2038 2318 2027 2846 2010 3290 2000 3542 1999 3990 2000" 
                    HPOS="1183"
                    VPOS="1788"
                    WIDTH="2801"
                    HEIGHT="324">
            <Shape><Polygon POINTS="3107 1812 3046 1818 2950 1806 2950 1812 2902 1860 2746 1818 2734 1818 2536 1854 2403 1818 2379 1818 2379 1824 2331 1872 2235 1818 2121 1818 2121 1824 2067 1872 1778 1824 1760 1824 1760 1830 1706 1884 1622 1860 1610 1860 1183 1890 1189 2112 3978 2064 3984 1998 3978 1842 3816 1842 3756 1788 3732 1788 3563 1848 3551 1848 3425 1794 3407 1794 3191 1854 3185 1854 3119 1800 3107 1812"/></Shape>
	    <String CONTENT="„ rer ſur le parti que je dois"
                    HPOS="1183"
                    VPOS="1788"
                    WIDTH="2801"
                    HEIGHT="324"></String>
          </TextLine>
          <TextLine ID="tl_7"
                    TAGREFS="LT176"
                    BASELINE="1215 2304 1269 2304 1333 2303 2214 2342 2405 2285 2913 2279 3360 2263 3985 2268" 
                    HPOS="1207"
                    VPOS="2064"
                    WIDTH="2777"
                    HEIGHT="342">
            <Shape><Polygon POINTS="1213 2298 1207 2388 1514 2388 1514 2382 1526 2382 1604 2346 1640 2382 1646 2382 1646 2388 2127 2358 2235 2370 2391 2394 2409 2394 2409 2388 2458 2346 2764 2340 3004 2394 3016 2394 3083 2358 3113 2346 3425 2346 3431 2358 3455 2376 3455 2382 3473 2382 3647 2352 3672 2352 3810 2406 3834 2406 3834 2400 3888 2352 3978 2352 3984 2262 3984 2118 3852 2082 3539 2112 3022 2076 2962 2124 2950 2118 2902 2076 2758 2070 2632 2124 2590 2136 2518 2124 2277 2070 2259 2070 2187 2124 2163 2136 1977 2130 1887 2064 1857 2064 1760 2130 1213 2130 1213 2298"/></Shape>
	    <String CONTENT="„ prendre, il n’eſt plus temps."
                    HPOS="1207"
                    VPOS="2064"
                    WIDTH="2777"
                    HEIGHT="342"></String>
          </TextLine>
          <TextLine ID="tl_8"
                    TAGREFS="LT176"
                    BASELINE="1225 2576 1283 2576 1859 2570 2390 2554 2842 2535 3410 2526 3642 2525 4002 2524" 
                    HPOS="1207"
                    VPOS="2328"
                    WIDTH="2789"
                    HEIGHT="324">
            <Shape><Polygon POINTS="1220 2574 1220 2640 1388 2616 1436 2634 1472 2652 1496 2652 1496 2646 1502 2646 1508 2634 1526 2616 1580 2646 2476 2604 2644 2628 2740 2586 2800 2598 2836 2610 2854 2610 2956 2580 3004 2598 3077 2616 3089 2616 3497 2568 3774 2604 3792 2604 3840 2568 3918 2598 3936 2598 3996 2568 3996 2520 3984 2364 3666 2364 3629 2334 3629 2328 3479 2328 3479 2334 3449 2364 3371 2334 3353 2334 3287 2370 3263 2346 3263 2340 3239 2340 3149 2370 3107 2340 3083 2340 2986 2370 2626 2346 2512 2394 1676 2406 1490 2370 1207 2406 1220 2574"/></Shape>
	    <String CONTENT="„ Pour vous qui avez à me"
                    HPOS="1207"
                    VPOS="2328"
                    WIDTH="2789"
                    HEIGHT="324"></String>
          </TextLine>
          <TextLine ID="tl_9"
                    TAGREFS="LT176"
                    BASELINE="1228 2836 1285 2836 1345 2827 2165 2824 2310 2867 2845 2807 3213 2795 4009 2788" 
                    HPOS="1220"
                    VPOS="2580"
                    WIDTH="2788"
                    HEIGHT="330">
            <Shape><Polygon POINTS="1226 2832 1226 2910 4002 2850 4008 2784 3996 2598 3924 2580 3900 2580 3816 2634 3684 2592 3299 2592 3299 2598 3245 2646 3167 2622 3155 2622 3101 2628 2956 2652 2830 2616 2812 2616 2746 2646 2421 2628 2331 2652 2259 2676 2073 2676 2049 2658 2007 2634 1977 2634 1911 2682 1736 2682 1484 2634 1472 2634 1352 2688 1220 2688 1226 2832"/></Shape>
	    <String CONTENT="„ ſurvivre, vous ne ſçauriez"
                    HPOS="1220"
                    VPOS="2580"
                    WIDTH="2788"
                    HEIGHT="330"></String>
          </TextLine>
          <TextLine ID="tl_10"
                    TAGREFS="LT176"
                    BASELINE="1237 3100 1356 3083 1888 3090 2314 3165 4015 3048" 
                    HPOS="1220"
                    VPOS="2844"
                    WIDTH="2794"
                    HEIGHT="378">
            <Shape><Polygon POINTS="1232 3096 1232 3192 1448 3222 1520 3186 1526 3180 2067 3156 2391 3192 2818 3144 3077 3120 3275 3138 3275 3132 3305 3108 3497 3138 4014 3108 4014 3042 3996 2856 3569 2844 3527 2880 3077 2898 3040 2892 2950 2862 2926 2862 2860 2904 2794 2874 2770 2874 2770 2880 2764 2880 2740 2910 2626 2868 2608 2868 2518 2910 2355 2898 2355 2904 2337 2916 2319 2934 2091 2892 2079 2892 2001 2928 1995 2934 1947 2898 1929 2898 1220 2958 1232 3096"/></Shape>
	    <String CONTENT="„ peſer trop meurement ce que"
                    HPOS="1220"
                    VPOS="2844"
                    WIDTH="2794"
                    HEIGHT="378"></String>
          </TextLine>
          <TextLine ID="tl_11"
                    TAGREFS="LT176"
                    BASELINE="1248 3360 1369 3347 1862 3354 2477 3337 2993 3324 3109 3325 3421 3326 3693 3311 4021 3284" 
                    HPOS="1238"
                    VPOS="3114"
                    WIDTH="2782"
                    HEIGHT="306">
            <Shape><Polygon POINTS="2560 3150 2530 3150 2512 3174 2409 3156 2379 3162 2319 3162 2313 3156 2277 3180 2031 3150 2025 3150 1238 3204 1244 3354 1244 3420 2518 3420 2518 3414 2776 3378 2788 3378 2794 3378 2986 3402 2992 3402 2998 3402 3089 3366 3101 3366 3191 3366 3870 3384 3876 3384 3882 3384 4020 3342 4020 3282 4008 3144 3702 3114 3696 3114 3690 3114 3605 3150 3599 3150 3521 3120 3515 3120 3509 3120 2662 3168 2590 3144 2560 3150"/></Shape>
	    <String CONTENT="„ vous devez faire: &amp; ce fu¬"
                    HPOS="1238"
                    VPOS="3114"
                    WIDTH="2782"
                    HEIGHT="306"></String>
          </TextLine>
          <TextLine ID="tl_12"
                    TAGREFS="LT176"
                    BASELINE="1246 3624 1312 3624 1820 3620 2060 3615 2380 3598 3128 3581 3308 3580 4024 3563" 
                    HPOS="1238"
                    VPOS="3354"
                    WIDTH="2782"
                    HEIGHT="349">
            <Shape><Polygon POINTS="1244 3619 1244 3703 4014 3625 4020 3558 4008 3402 3744 3354 3738 3354 3732 3354 3563 3408 3557 3408 3449 3378 3443 3378 3437 3378 3431 3378 3425 3378 3377 3414 3371 3420 2680 3426 2668 3426 2512 3384 2506 3384 2500 3384 2494 3384 2488 3384 2433 3432 2427 3438 2337 3438 2337 3432 2289 3396 2289 3390 2283 3390 2277 3390 2271 3390 1778 3396 1772 3396 1622 3444 1502 3420 1496 3420 1490 3420 1430 3450 1370 3408 1364 3408 1358 3408 1352 3408 1346 3408 1238 3450 1244 3619"/></Shape>
	    <String CONTENT="„ rent là ſes dernieres paroles."
                    HPOS="1238"
                    VPOS="3354"
                    WIDTH="2782"
                    HEIGHT="349"></String>
          </TextLine>
          <TextLine ID="tl_13"
                    TAGREFS="LT176"
                    BASELINE="1635 3887 2398 3863 2890 3854 3130 3849 4033 3832" 
                    HPOS="1628"
                    VPOS="3613"
                    WIDTH="2404"
                    HEIGHT="348">
            <Shape><Polygon POINTS="1634 3883 1634 3961 2944 3901 4026 3901 4032 3829 4014 3631 3816 3661 3792 3637 3768 3619 3768 3613 3762 3613 3756 3613 3750 3613 3551 3619 3545 3619 3539 3619 3539 3625 3509 3649 3491 3673 3173 3679 3101 3667 2944 3631 2938 3631 2932 3631 2926 3631 2872 3673 2848 3685 2776 3679 2500 3643 2494 3643 2488 3643 2379 3691 2367 3703 1989 3709 1839 3709 1706 3661 1700 3661 1694 3661 1688 3661 1682 3661 1628 3703 1634 3883"/></Shape>
	    <String CONTENT="Ciceron dans le troiſiéme"
                    HPOS="1628"
                    VPOS="3613"
                    WIDTH="2404"
                    HEIGHT="348"></String>
          </TextLine>
          <TextLine ID="tl_14"
                    TAGREFS="LT176"
                    BASELINE="1437 4171 1949 4141 2440 4125 3616 4098 4036 4091" 
                    HPOS="1424"
                    VPOS="3859"
                    WIDTH="2608"
                    HEIGHT="360">
            <Shape><Polygon POINTS="1436 4165 1436 4213 1826 4219 1826 4213 1839 4207 1863 4183 2097 4201 2223 4207 2337 4177 2403 4201 2415 4201 2686 4159 2848 4189 3497 4171 3744 4129 4026 4153 4032 4087 4020 3895 3864 3859 3840 3859 3750 3925 3617 3901 3545 3895 3491 3937 3149 3877 3137 3877 3022 3937 2920 3883 2896 3883 2818 3943 2746 3913 2698 3889 2680 3889 2379 3967 2277 3901 2253 3901 2223 3913 2115 3979 1833 3985 1694 3985 1628 3925 1424 3925 1436 4165"/></Shape>
	    <String CONTENT="Livre des Tuſculanes dit"
                    HPOS="1424"
                    VPOS="3859"
                    WIDTH="2608"
                    HEIGHT="360"></String>
          </TextLine>
          <TextLine ID="tl_15"
                    TAGREFS="LT176"
                    BASELINE="1468 4486 1802 4409 3130 4373 4046 4355" 
                    HPOS="1454"
                    VPOS="4153"
                    WIDTH="2590"
                    HEIGHT="330">
            <Shape><Polygon POINTS="1466 4483 4044 4399 4044 4351 4032 4165 3774 4153 3744 4177 3732 4183 3666 4153 3641 4153 3593 4195 3521 4159 3503 4159 3407 4207 3053 4207 2908 4153 2884 4153 2884 4159 2830 4213 2716 4213 2662 4171 2662 4165 2536 4165 2536 4171 2530 4171 2488 4225 2391 4177 2367 4177 2331 4213 2247 4177 1983 4183 1796 4249 1574 4225 1454 4267 1466 4483"/></Shape>
	    <String CONTENT="que Theophraſte mourant"
                    HPOS="1454"
                    VPOS="4153"
                    WIDTH="2590"
                    HEIGHT="330"></String>
          </TextLine>
          <TextLine ID="tl_16"
                    TAGREFS="LT176"
                    BASELINE="1453 4683 1641 4669 2453 4653 2737 4647 3041 4640 3769 4665 4048 4616" 
                    HPOS="1442"
                    VPOS="4429"
                    WIDTH="2602"
                    HEIGHT="318">
            <Shape><Polygon POINTS="1502 4477 1496 4459 1466 4459 1466 4465 1442 4483 1448 4723 2139 4747 2470 4699 2512 4705 2638 4741 2650 4741 2998 4693 3281 4735 3383 4693 3383 4687 3840 4687 3966 4729 3990 4729 4044 4687 4044 4615 4026 4429 3852 4429 3786 4477 3539 4429 3521 4429 3521 4435 3515 4435 3491 4465 3431 4441 3389 4435 3299 4447 3095 4483 2842 4435 2824 4435 2824 4441 2764 4489 2668 4465 2542 4441 2530 4441 2427 4477 2373 4489 2151 4453 2133 4453 2133 4459 2085 4501 1917 4501 1905 4489 1802 4447 1778 4447 1694 4501 1538 4501 1508 4471 1502 4477"/></Shape>
	    <String CONTENT="ſe plaignit de la nature, de"
                    HPOS="1442"
                    VPOS="4429"
                    WIDTH="2602"
                    HEIGHT="318"></String>
          </TextLine>
          <TextLine ID="tl_17"
                    TAGREFS="LT176"
                    BASELINE="1480 4938 1684 4932 2371 4919 2935 4909 3703 4888 4051 4876" 
                    HPOS="1472"
                    VPOS="4675"
                    WIDTH="2578"
                    HEIGHT="336">
            <Shape><Polygon POINTS="1478 4933 1478 4981 1742 5011 2103 4969 4050 4951 4050 4873 4032 4675 3822 4723 3672 4687 3623 4681 3485 4717 3389 4693 3365 4693 3311 4735 3179 4693 3155 4693 3083 4741 2914 4717 2872 4717 2758 4723 2476 4753 2397 4723 2379 4723 2337 4741 2319 4753 2277 4747 2133 4717 2115 4717 2061 4753 1965 4723 1941 4723 1887 4771 1472 4777 1478 4933"/></Shape>
	    <String CONTENT="ce qu’elle avoit accordé aux"
                    HPOS="1472"
                    VPOS="4675"
                    WIDTH="2578"
                    HEIGHT="336"></String>
          </TextLine>
          <TextLine ID="tl_18"
                    TAGREFS="LT176"
                    BASELINE="1498 5202 2005 5184 2281 5200 2657 5177 3685 5148 4060 5135" 
                    HPOS="1484"
                    VPOS="4933"
                    WIDTH="2572"
                    HEIGHT="348">
            <Shape><Polygon POINTS="1496 5197 1496 5269 1736 5245 1814 5263 1869 5281 1893 5281 1959 5233 2109 5233 2235 5269 2253 5269 2343 5245 2379 5239 2452 5239 2728 5257 2872 5215 2902 5221 2956 5245 3203 5215 3233 5209 3239 5209 3269 5239 3287 5239 3431 5209 3533 5233 3545 5233 3798 5185 3966 5221 3978 5221 4056 5179 4056 5131 4038 4963 3629 4981 3533 4963 3335 4933 3209 4993 2926 4969 2926 4975 2920 4975 2902 4999 2860 4975 2806 4951 2788 4951 2674 5011 2572 4981 2548 4981 2500 5023 2307 5023 2163 4975 2145 4975 2127 4981 2049 5023 1905 4975 1887 4975 1754 5035 1658 4987 1484 4987 1496 5197"/></Shape>
	    <String CONTENT="Cerfs &amp; aux Corneilles une"
                    HPOS="1484"
                    VPOS="4933"
                    WIDTH="2572"
                    HEIGHT="348"></String>
          </TextLine>
          <TextLine ID="tl_19"
                    TAGREFS="LT176"
                    BASELINE="1502 5466 1792 5454 2016 5453 2784 5434 2901 5478 3248 5429 3639 5409 4055 5391" 
                    HPOS="1490"
                    VPOS="5179"
                    WIDTH="2560"
                    HEIGHT="372">
            <Shape><Polygon POINTS="1496 5521 1899 5515 1941 5551 1959 5551 2133 5509 2175 5503 2476 5533 2998 5473 3071 5479 3227 5503 3467 5497 3467 5491 3491 5467 3503 5461 3702 5485 4044 5449 4050 5389 4038 5233 3936 5197 3918 5197 3840 5239 3726 5179 3702 5179 3593 5251 3359 5227 3251 5263 3173 5209 3149 5209 3010 5257 2938 5275 2704 5257 2554 5251 2476 5263 2289 5299 2139 5233 1881 5245 1784 5293 1772 5275 1748 5257 1748 5251 1598 5257 1598 5263 1556 5305 1490 5281 1496 5521"/></Shape>
	    <String CONTENT="vie ſi longue, &amp; qui leur"
                    HPOS="1490"
                    VPOS="5179"
                    WIDTH="2560"
                    HEIGHT="372"></String>
          </TextLine>
          <TextLine ID="tl_20"
                    TAGREFS="LT176"
                    BASELINE="1515 5718 1754 5720 1942 5715 2687 5752 3673 5673 4068 5627" 
                    HPOS="1502"
                    VPOS="5437"
                    WIDTH="2560"
                    HEIGHT="378">
            <Shape><Polygon POINTS="3034 5455 2890 5533 2872 5521 2746 5467 2728 5467 2542 5551 2265 5551 2241 5539 2199 5509 2175 5509 2007 5551 1947 5503 1820 5503 1580 5515 1502 5551 1514 5713 1514 5785 1634 5815 2289 5761 2902 5773 3377 5755 3425 5725 3966 5731 4062 5689 4062 5623 4044 5491 3774 5497 3515 5437 3497 5437 3395 5509 3293 5461 3275 5461 3167 5521 3065 5455 3034 5455"/></Shape>
	    <String CONTENT="eſt ſi inutile, lorſqu’elle n’a¬"
                    HPOS="1502"
                    VPOS="5437"
                    WIDTH="2560"
                    HEIGHT="378"></String>
          </TextLine>
          <TextLine ID="tl_21"
                    TAGREFS="LT176"
                    BASELINE="1502 5998 1896 5983 2632 5978 3148 5970 4075 5919" 
                    HPOS="1490"
                    VPOS="5731"
                    WIDTH="2584"
                    HEIGHT="360">
            <Shape><Polygon POINTS="1496 5995 1496 6091 2247 6049 2391 6079 2482 6091 2632 6037 2836 6091 3720 6067 3780 6019 3828 6043 3846 6043 3960 6001 4062 6031 4074 5917 4056 5755 3461 5773 3371 5731 3353 5731 3161 5785 2992 5743 2974 5743 2782 5797 2746 5791 2614 5755 2596 5755 2403 5809 2313 5803 2031 5773 1929 5821 1911 5809 1863 5791 1839 5791 1802 5827 1490 5827 1496 5995"/></Shape>
	    <String CONTENT="voit donné aux hommes"
                    HPOS="1490"
                    VPOS="5731"
                    WIDTH="2584"
                    HEIGHT="360"></String>
          </TextLine>
        </TextBlock>
      </PrintSpace>
    </Page>
  </Layout>
</alto>
