4267 7116
1293 610 2617 309 l’on explique celles-cy par

1281 859 2594 321 le mouvement du ſang, par

1281 1102 2594 380 celuy des fibres & des arteres,

1281 1381 2641 332 quittent; un Auteur de tout,

1275 1648 713 267 le reſte.

1537 1909 2385 255 Il s’en trouve d’un troi¬

1270 2164 2658 308 ſiéme ordre, qui perſua¬

1264 2437 2605 284 dez que toute doctrine des

1270 2698 2587 272 mœurs doit tendre à les re¬

1246 2953 2611 255 former, à diſcerner les bon¬

1246 3190 2676 338 nes d’avec les mauvaiſes,

1252 3451 2599 308 & à démêler dans les hom¬

1240 3741 2605 291 mes ce qu’il y a de vain,

1240 3967 2599 284 de foible & de ridicule, d’a¬

1228 4269 2623 267 vec ce qu’ils peuvent avoir

1234 4483 2676 332 de bon, de ſain & de loüable,

1222 4773 2682 273 ſe plaiſent infiniment dans

1222 5034 2611 285 la lecture des livres, qui

1216 5289 2611 308 ſuppoſant les principes phy¬

1210 5586 2611 308 ſiques & moraux rebatus par

2219 379 748 267 Diſcours
