4267 7147
2222 565 704 250 Diſcours

1251 815 2598 274 tint toûjours un commerce

1233 1000 2616 357 étroit avec ce Philoſophe. Il

1251 1268 2598 328 mourut enfin accablé d’an¬

1251 1518 2586 340 nées & de fatigues & il

1245 1792 2604 328 ceſſa tout à la fois de tra¬

1245 2066 2598 316 vailler & de vivre: toute

1257 2334 2592 298 la Grece le pleura, & tout

1251 2566 2598 358 le peuple Athenien aſſiſta à

1245 2852 1383 322 ſes funerailles.

1483 3073 2372 375 L’on raconte de luy que

1251 3335 2604 351 dans ſon extrême vieilleſſe

1251 3615 2604 327 ne pouvant plus marcher à

1251 3871 2604 399 pied, il ſe faiſoit porter en

1263 4121 2592 357 littiere par la ville, où il

1263 4383 2592 357 eſtoit vu du peuple à qui il

1263 4627 2592 352 eſtoit ſi cher. L’on dit auſſi

1251 4913 2640 381 que ſes diſciples qui en¬

1275 5157 2580 346 touroient ſon lit lors qu’il

1275 5425 2580 352 mourut, luy ayant deman¬

1257 5675 2598 423 dé s'il n'avoit rien à leur
