4267 7123
1283 759 2597 279 le commerce va le mieux du

1283 979 2591 285 monde, quoy qu’en effet il ne

1277 1204 2597 250 vende rien. Souvent aprés avoir

1277 1377 2597 326 écouté ce que l’on luy a dit, il

1265 1608 2603 297 veut faire croire qu’il n’y a pas

1271 1816 2597 285 eu la moindre attention; il feint

1277 2047 2591 273 de n’avoir pas apperçû les cho¬

1271 2237 2591 321 ſes où il vient de jetter les yeux,

1277 2451 2585 279 ou s’il eſt convenu d’un fait, de

1265 2665 2603 285 ne s’en plus ſouvenir: il n’a

1265 2908 2597 279 pour ceux qui luy parlent d’af¬

1265 3092 2585 327 faires, que cette ſeule réponſe,

1259 3324 2603 279 j’y penſeray: il ſçait de certai¬

1265 3555 2597 249 nes choſes, il en ignore d’au¬

1265 3733 2591 285 tres; il eſt ſaiſi d'admiration;

1253 3947 2603 297 d’autres fois il aura penſé com¬

1253 4178 2603 297 me vous ſur cet évenement, &

1248 4368 2585 285 cela ſelon ſes differens intereſts;

1242 4600 2608 297 ſon langage le plus ordinaire eſt

1242 4790 2608 350 celuy-cy; je n'en crois rien, je

1248 5039 2597 285 ne comprends pas que cela puiſ¬

1242 5205 2603 350 ſe eſtre, je ne ſçay où j’en

1253 5443 2586 302 ſuis, ou bien, il me ſemble que

1236 5674 2603 285 je ne ſuis pas moy-meſme; &

1230 5864 2620 433 enſuite, ce n’eſt pas ainſi qu’il

1301 670 261 101 60

1872 498 1283 261 Les Caracteres
