4267 7162
418 686 2611 298 bler; que juſques dans la

412 919 2611 286 Chaire l’on ſe croit obli¬

400 1181 2629 352 gé ſouvent de ſuſpendre l’E¬

394 1474 2629 298 vangile pour les prendre par

394 1730 2635 281 leur foible, & les ramener

394 1963 2635 298 à leurs devoirs par des cho¬

388 2238 2618 286 ſes qui ſoient de leur gouſt

388 2512 1554 293 & de leur portée.

627 2769 2379 286 La Cour ou ne connoiſt

382 3008 2612 352 pas la ville, ou par le mé¬

388 3282 2612 346 pris qu’elle a pour elle ne¬

382 3521 2618 424 glige d’en relever le ridicu¬

376 3819 2624 275 le, & n’eſt point frapée des

382 4094 2618 280 images qu'il peut fournir;

382 4362 2618 257 & ſi au contraire l’on peint

376 4595 2612 275 la Cour, comme c’eſt toû¬

370 4888 2630 286 jours avec les ménagemens

370 5090 2618 371 qui luy ſont dûs; la ville

376 5401 2612 274 ne tire pas de cet ébauche

376 5634 2618 382 de quoy remplir ſa curioſi¬

980 417 1356 317 ſur Theophraſte.

1828 5962 526 280 A iiij
