4267 7108
930 521 1322 296 ſur Theophraſte.

343 770 2555 319 recommander, il leur tint

331 995 2744 337 ce diſcours : La vie nous „

320 1249 2749 368 ſeduit, elle nous promet „

308 1498 2761 385 de grands plaiſirs dans la „

302 1788 2761 344 poſſeſſion de la gloire; mais „

302 2031 2761 362 à peine commence-t’on à „

296 2310 2762 308 vivre, qu’il faut mourir: „

290 2529 2762 403 il n’y a ſouvent rien de plus „

284 2801 2762 344 ſterile que l’amour de la re¬ „

284 3068 2750 367 putation. Cependant, mes „

272 3322 2756 332 diſciples, contentez-vous: „

266 3571 2756 356 ſi vous negligez l’eſtime „

260 3826 2762 349 des hommes, vous vous „

254 4075 2762 373 épargnez à vous-meſmes de „

248 4365 2750 332 grands travaux; s'ils ne re¬ „

254 4614 2738 349 butent point voſtre coura¬ „

242 4886 2750 344 ge, il peut arriver que la „

242 5159 2744 308 gloire ſera voſtre récom¬ „

225 5396 2755 349 penſe. Souvenez-vous ſeu¬ „

219 5644 2761 445 lement qu’il y a dans la vie „

1819 6029 438 267 B ij
