<?xml version="1.0" encoding="UTF-8"?>
<alto xmlns:xsi="http://www.w3.org/2001/XMLSchema-instance"
      xmlns="http://www.loc.gov/standards/alto/ns-v4#"
      xsi:schemaLocation="http://www.loc.gov/standards/alto/ns-v4# http://www.loc.gov/standards/alto/v4/alto-4-2.xsd">
  <Description>
    <MeasurementUnit>pixel</MeasurementUnit>
    <sourceImageInformation>
      <fileName>Bruyere1688_Caracteres_btv1b86070385_corrected_0015.png</fileName>
    </sourceImageInformation>
  </Description>
  <Tags>
    <OtherTag ID="BT7" LABEL="CustomZone" DESCRIPTION="block type CustomZone"/><OtherTag ID="BT8" LABEL="DamageZone" DESCRIPTION="block type DamageZone"/><OtherTag ID="BT9" LABEL="DigitizationArtefactZone" DESCRIPTION="block type DigitizationArtefactZone"/><OtherTag ID="BT10" LABEL="DropCapitalZone" DESCRIPTION="block type DropCapitalZone"/><OtherTag ID="BT11" LABEL="GraphicZone" DESCRIPTION="block type GraphicZone"/><OtherTag ID="BT12" LABEL="MainZone" DESCRIPTION="block type MainZone"/><OtherTag ID="BT13" LABEL="MarginTextZone" DESCRIPTION="block type MarginTextZone"/><OtherTag ID="BT14" LABEL="MusicZone" DESCRIPTION="block type MusicZone"/><OtherTag ID="BT15" LABEL="NumberingZone" DESCRIPTION="block type NumberingZone"/><OtherTag ID="BT17" LABEL="QuireMarksZone" DESCRIPTION="block type QuireMarksZone"/><OtherTag ID="BT18" LABEL="RunningTitleZone" DESCRIPTION="block type RunningTitleZone"/><OtherTag ID="BT19" LABEL="SealZone" DESCRIPTION="block type SealZone"/><OtherTag ID="BT20" LABEL="StampZone" DESCRIPTION="block type StampZone"/><OtherTag ID="BT21" LABEL="TableZone" DESCRIPTION="block type TableZone"/><OtherTag ID="BT22" LABEL="TitlePageZone" DESCRIPTION="block type TitlePageZone"/><OtherTag ID="BT175" LABEL="Stamp" DESCRIPTION="block type Stamp"/><OtherTag ID="BT176" LABEL="Decoration" DESCRIPTION="block type Decoration"/><OtherTag ID="BT177" LABEL="Title" DESCRIPTION="block type Title"/><OtherTag ID="BT178" LABEL="Main" DESCRIPTION="block type Main"/><OtherTag ID="BT179" LABEL="Signatures" DESCRIPTION="block type Signatures"/><OtherTag ID="BT180" LABEL="DropCapital" DESCRIPTION="block type DropCapital"/><OtherTag ID="BT181" LABEL="RunningTitle" DESCRIPTION="block type RunningTitle"/><OtherTag ID="BT182" LABEL="Margin" DESCRIPTION="block type Margin"/><OtherTag ID="BT183" LABEL="Numbering" DESCRIPTION="block type Numbering"/>
    <OtherTag ID="LT7" LABEL="CustomLine" DESCRIPTION="line type CustomLine"/><OtherTag ID="LT8" LABEL="DefaultLine" DESCRIPTION="line type DefaultLine"/><OtherTag ID="LT9" LABEL="DropCapitalLine" DESCRIPTION="line type DropCapitalLine"/><OtherTag ID="LT10" LABEL="HeadingLine" DESCRIPTION="line type HeadingLine"/><OtherTag ID="LT11" LABEL="InterlinearLine" DESCRIPTION="line type InterlinearLine"/><OtherTag ID="LT12" LABEL="MusicLine" DESCRIPTION="line type MusicLine"/><OtherTag ID="LT176" LABEL="Default" DESCRIPTION="line type Default"/><OtherTag ID="LT177" LABEL="Rubric" DESCRIPTION="line type Rubric"/>
  </Tags>
  <Layout>
    <Page WIDTH="4267"
          HEIGHT="7202"
          PHYSICAL_IMG_NR="7"
          ID="eSc_dummypage_">
      <PrintSpace HPOS="0"
                  VPOS="0"
                  WIDTH="4267"
                  HEIGHT="7202">
        <TextBlock HPOS="326.0"
                   VPOS="643.0"
                   WIDTH="2717.0"
                   HEIGHT="5292.0"
                   ID="r_1_1"
                   TAGREFS="BT178">
          <Shape><Polygon POINTS="326 692 2994 643 3043 5935 365 5857"/></Shape>
          <TextLine ID="tl_2"
                    TAGREFS="LT176"
                    BASELINE="366 881 710 869 1086 860 1398 860 1826 859 2682 858 2986 858" 
                    HPOS="354"
                    VPOS="648"
                    WIDTH="2626"
                    HEIGHT="300">
            <Shape><Polygon POINTS="2740 648 2728 648 2686 684 2313 654 2259 660 2223 684 1989 660 1977 666 1911 666 1875 690 1808 666 1736 666 1676 696 1658 696 1502 672 1382 672 1316 702 354 708 360 924 865 948 943 900 1051 930 1087 930 1135 894 1736 918 2049 888 2193 936 2199 942 2482 942 2482 936 2728 882 2968 930 2980 852 2974 684 2740 648"/></Shape>
	    <String CONTENT="mes par un ſeul ouvrage de"
                    HPOS="354"
                    VPOS="648"
                    WIDTH="2626"
                    HEIGHT="300"></String>
          </TextLine>
          <TextLine ID="tl_3"
                    TAGREFS="LT176"
                    BASELINE="370 1137 1002 1125 1154 1124 1566 1120 1950 1119 2982 1126" 
                    HPOS="360"
                    VPOS="918"
                    WIDTH="2620"
                    HEIGHT="270">
            <Shape><Polygon POINTS="366 1134 366 1188 895 1146 955 1182 979 1182 1057 1146 1226 1146 1274 1182 1298 1182 1382 1146 1598 1176 2974 1170 2980 1122 2974 954 2530 918 2397 954 2361 960 2307 954 2097 918 2079 918 2079 924 2031 966 1923 966 1863 954 1622 918 1388 960 1256 918 1244 918 1027 960 835 918 823 918 673 960 360 960 366 1134"/></Shape>
	    <String CONTENT="morale? Les uns cherchent"
                    HPOS="360"
                    VPOS="918"
                    WIDTH="2620"
                    HEIGHT="270"></String>
          </TextLine>
          <TextLine ID="tl_4"
                    TAGREFS="LT176"
                    BASELINE="370 1397 647 1393 2051 1383 2979 1434" 
                    HPOS="360"
                    VPOS="1146"
                    WIDTH="2614"
                    HEIGHT="324">
            <Shape><Polygon POINTS="366 1392 360 1410 486 1458 492 1458 498 1464 847 1464 847 1458 859 1458 859 1452 889 1428 913 1452 937 1452 1057 1422 1159 1452 1183 1452 1183 1446 1207 1422 1220 1416 1706 1470 1718 1470 1808 1422 2962 1458 2974 1428 2968 1230 2848 1230 2848 1224 2812 1194 2812 1188 2788 1188 2686 1212 2608 1164 2391 1164 2301 1206 2259 1164 2259 1158 2121 1158 2031 1218 1935 1158 1105 1212 1009 1146 985 1146 853 1206 775 1158 745 1158 679 1212 504 1212 444 1158 444 1152 414 1152 366 1188 366 1392"/></Shape>
	    <String CONTENT="des definitions, des diviſions,"
                    HPOS="360"
                    VPOS="1146"
                    WIDTH="2614"
                    HEIGHT="324"></String>
          </TextLine>
          <TextLine ID="tl_5"
                    TAGREFS="LT176"
                    BASELINE="367 1653 643 1653 1355 1692 1599 1648 1931 1643 2183 1643 2987 1610" 
                    HPOS="360"
                    VPOS="1422"
                    WIDTH="2626"
                    HEIGHT="300">
            <Shape><Polygon POINTS="366 1650 366 1692 552 1722 564 1722 649 1686 1045 1686 1135 1722 1147 1722 1604 1680 1646 1680 1863 1716 1953 1680 2403 1710 2710 1674 2770 1710 2788 1710 2980 1662 2986 1608 2968 1464 2764 1464 2728 1428 2728 1422 2614 1422 2151 1464 2007 1422 1983 1422 1983 1428 1941 1470 1730 1428 1712 1428 1712 1434 1670 1470 1514 1434 1189 1470 883 1434 619 1476 414 1434 396 1434 396 1440 360 1470 366 1650"/></Shape>
	    <String CONTENT="des tables, &amp; de la metho¬"
                    HPOS="360"
                    VPOS="1422"
                    WIDTH="2626"
                    HEIGHT="300"></String>
          </TextLine>
          <TextLine ID="tl_6"
                    TAGREFS="LT176"
                    BASELINE="367 1917 575 1917 687 1941 1003 1909 1843 1911 2475 1907 2987 1906" 
                    HPOS="360"
                    VPOS="1692"
                    WIDTH="2626"
                    HEIGHT="270">
            <Shape><Polygon POINTS="366 1914 366 1962 2980 1944 2986 1902 2968 1734 2884 1752 2782 1734 2590 1692 2572 1692 2572 1698 2530 1728 2506 1752 2421 1728 2331 1710 2319 1710 2277 1728 2235 1752 2091 1728 2019 1722 1953 1728 1748 1758 1412 1698 1394 1698 1340 1740 1244 1716 1232 1716 1009 1764 967 1728 955 1716 955 1710 805 1704 787 1704 787 1710 763 1728 727 1764 649 1734 631 1734 576 1764 522 1728 492 1704 474 1704 360 1722 366 1914"/></Shape>
	    <String CONTENT="de; ils veulent qu’on leur"
                    HPOS="360"
                    VPOS="1692"
                    WIDTH="2626"
                    HEIGHT="270"></String>
          </TextLine>
          <TextLine ID="tl_7"
                    TAGREFS="LT176"
                    BASELINE="367 2173 1132 2168 1464 2168 1860 2171 2348 2171 2740 2166 2992 2170" 
                    HPOS="360"
                    VPOS="1956"
                    WIDTH="2626"
                    HEIGHT="330">
            <Shape><Polygon POINTS="366 2172 366 2286 619 2280 691 2226 751 2280 763 2280 769 2286 985 2286 985 2280 991 2280 1117 2214 1226 2220 1262 2262 1280 2274 1280 2280 1292 2280 1298 2286 1688 2286 1688 2280 1700 2280 1814 2208 2337 2208 2361 2232 2409 2268 2409 2274 2421 2274 2427 2280 2572 2280 2572 2274 2584 2274 2584 2268 2632 2220 2650 2208 2974 2208 2986 2166 2980 1980 2722 1956 2626 1980 2530 2010 2488 1986 2446 1956 2187 1956 2085 2010 1857 1998 1610 1980 1544 2010 1502 1998 1430 1986 1063 2016 991 2010 643 1962 360 2016 366 2172"/></Shape>
	    <String CONTENT="explique ce que c’eſt que la"
                    HPOS="360"
                    VPOS="1956"
                    WIDTH="2626"
                    HEIGHT="330"></String>
          </TextLine>
          <TextLine ID="tl_8"
                    TAGREFS="LT176"
                    BASELINE="368 2441 840 2437 1164 2432 2096 2479 2400 2435 2992 2434" 
                    HPOS="360"
                    VPOS="2232"
                    WIDTH="2626"
                    HEIGHT="300">
            <Shape><Polygon POINTS="366 2436 360 2484 865 2454 919 2490 937 2490 1117 2460 1370 2508 1400 2508 1568 2466 1616 2508 1616 2514 1652 2514 1790 2478 2073 2520 2121 2520 2181 2472 2866 2472 2962 2532 2986 2430 2986 2262 2548 2244 2548 2250 2494 2298 2409 2298 2289 2238 2271 2238 2211 2262 2133 2286 2037 2262 1935 2232 1923 2232 1766 2262 1730 2262 1682 2238 1658 2238 1658 2244 1640 2262 1622 2274 1514 2262 1394 2244 1382 2244 1346 2262 1304 2274 366 2262 366 2436"/></Shape>
	    <String CONTENT="vertu en general, &amp; cette"
                    HPOS="360"
                    VPOS="2232"
                    WIDTH="2626"
                    HEIGHT="300"></String>
          </TextLine>
          <TextLine ID="tl_9"
                    TAGREFS="LT176"
                    BASELINE="368 2705 840 2701 1128 2696 2212 2691 2328 2723 2992 2690" 
                    HPOS="360"
                    VPOS="2466"
                    WIDTH="2626"
                    HEIGHT="312">
            <Shape><Polygon POINTS="1989 2478 1839 2478 1766 2526 1670 2514 1490 2484 1232 2544 913 2508 901 2508 775 2544 360 2526 366 2730 1051 2730 1129 2772 1135 2772 1141 2778 1304 2778 1304 2772 1316 2772 1394 2724 1863 2754 1893 2724 1905 2718 2079 2760 2091 2760 2193 2724 2223 2748 2223 2754 2241 2754 2986 2718 2974 2502 2746 2466 2620 2526 2470 2502 2391 2502 2175 2532 1989 2478"/></Shape>
	    <String CONTENT="vertu en particulier; quelle"
                    HPOS="360"
                    VPOS="2466"
                    WIDTH="2626"
                    HEIGHT="312"></String>
          </TextLine>
          <TextLine ID="tl_10"
                    TAGREFS="LT176"
                    BASELINE="376 2961 1273 2956 1525 2952 2221 2951 2757 2954 2989 2954" 
                    HPOS="366"
                    VPOS="2736"
                    WIDTH="2620"
                    HEIGHT="270">
            <Shape><Polygon POINTS="372 2958 372 2982 2974 3006 2986 2952 2980 2778 2806 2736 2800 2736 2590 2778 2536 2790 2476 2784 2289 2754 2283 2754 2277 2754 2271 2754 2229 2784 2217 2796 1622 2796 1616 2790 1538 2736 1532 2736 1526 2736 1376 2736 1370 2736 1364 2736 1358 2736 1358 2742 1304 2796 775 2796 709 2736 703 2736 697 2736 426 2736 420 2736 414 2736 408 2736 408 2742 366 2784 372 2958"/></Shape>
	    <String CONTENT="difference ſe trouve entre la"
                    HPOS="366"
                    VPOS="2736"
                    WIDTH="2620"
                    HEIGHT="270"></String>
          </TextLine>
          <TextLine ID="tl_11"
                    TAGREFS="LT176"
                    BASELINE="377 3233 1021 3269 1269 3216 1781 3216 1981 3223 2181 3215 2985 3186" 
                    HPOS="366"
                    VPOS="2994"
                    WIDTH="2614"
                    HEIGHT="324">
            <Shape><Polygon POINTS="372 3228 372 3264 625 3264 679 3306 679 3312 691 3312 697 3318 841 3318 841 3312 847 3312 919 3282 1141 3306 1280 3252 1280 3246 1881 3246 1959 3282 1971 3282 2205 3240 2217 3240 2355 3294 2361 3294 2367 3300 2728 3300 2728 3294 2980 3228 2980 3180 2968 3048 2824 3012 2500 3048 2470 3048 2379 3006 2367 3006 2127 3054 2031 2994 2001 2994 1917 3048 1845 2994 1820 2994 1640 3054 1604 3054 1328 3000 1310 3000 1250 3054 1238 3054 1165 3000 1021 3000 949 3054 931 3072 781 3072 685 3006 667 3006 366 3054 372 3228"/></Shape>
	    <String CONTENT="valeur, la force &amp; la magna¬"
                    HPOS="366"
                    VPOS="2994"
                    WIDTH="2614"
                    HEIGHT="324"></String>
          </TextLine>
          <TextLine ID="tl_12"
                    TAGREFS="LT176"
                    BASELINE="377 3481 981 3485 1109 3508 1501 3476 2053 3479 2989 3478" 
                    HPOS="366"
                    VPOS="3294"
                    WIDTH="2620"
                    HEIGHT="222">
            <Shape><Polygon POINTS="372 3480 372 3516 2980 3510 2986 3474 2974 3294 366 3306 372 3480"/></Shape>
	    <String CONTENT="nimité, les vices extrêmes"
                    HPOS="366"
                    VPOS="3294"
                    WIDTH="2620"
                    HEIGHT="222"></String>
          </TextLine>
          <TextLine ID="tl_13"
                    TAGREFS="LT176"
                    BASELINE="386 3825 658 3741 898 3745 1566 3744 1874 3743 2274 3739 2990 3742" 
                    HPOS="378"
                    VPOS="3516"
                    WIDTH="2608"
                    HEIGHT="319">
            <Shape><Polygon POINTS="384 3823 384 3835 570 3829 625 3787 817 3823 835 3823 883 3781 1033 3823 1057 3823 1135 3775 1424 3805 1730 3769 1796 3811 2187 3799 2301 3757 2980 3781 2986 3739 2980 3552 2878 3516 2854 3516 2794 3570 2536 3570 2524 3564 2488 3528 2488 3522 2373 3522 2373 3528 2331 3564 2217 3534 2199 3534 2139 3564 2115 3582 1400 3582 1382 3576 1340 3540 1099 3540 973 3546 973 3552 943 3576 931 3594 895 3582 811 3546 793 3546 667 3588 552 3558 540 3558 378 3582 384 3823"/></Shape>
	    <String CONTENT="par le defaut ou par l’excés"
                    HPOS="378"
                    VPOS="3516"
                    WIDTH="2608"
                    HEIGHT="319"></String>
          </TextLine>
          <TextLine ID="tl_14"
                    TAGREFS="LT176"
                    BASELINE="390 4001 842 4009 1654 4004 2426 4003 2998 4006" 
                    HPOS="384"
                    VPOS="3787"
                    WIDTH="2608"
                    HEIGHT="294">
            <Shape><Polygon POINTS="384 3997 384 4081 516 4027 1057 4027 1165 4081 1382 4069 1382 4063 1424 4027 1556 4057 1736 4027 1802 4081 1820 4081 2049 4051 2307 4075 2397 4027 2650 4081 2986 4039 2992 4003 2980 3811 2055 3841 1857 3787 1833 3787 1833 3793 1796 3823 1784 3841 1682 3841 1652 3829 1580 3787 1562 3787 1370 3835 1238 3787 871 3787 721 3841 703 3841 564 3805 552 3805 384 3841 384 3997"/></Shape>
	    <String CONTENT="entre leſquels chaque vertu"
                    HPOS="384"
                    VPOS="3787"
                    WIDTH="2608"
                    HEIGHT="294"></String>
          </TextLine>
          <TextLine ID="tl_15"
                    TAGREFS="LT176"
                    BASELINE="390 4261 538 4261 1194 4264 1766 4268 2210 4271 2998 4266" 
                    HPOS="378"
                    VPOS="4051"
                    WIDTH="2614"
                    HEIGHT="306">
            <Shape><Polygon POINTS="384 4255 378 4309 510 4351 516 4357 805 4357 805 4351 817 4351 883 4303 1099 4297 1370 4351 1382 4351 1532 4297 1556 4297 1670 4339 1688 4339 1760 4297 1766 4297 1863 4345 1881 4345 2031 4297 2049 4297 2187 4339 2211 4339 2211 4333 2247 4297 2427 4297 2758 4351 2776 4351 2776 4345 2824 4303 2986 4291 2992 4261 2968 4051 2764 4105 2506 4051 2476 4051 2283 4111 2145 4069 2121 4069 2121 4075 2067 4129 1869 4129 1790 4057 1790 4051 1766 4051 1568 4117 1490 4057 1490 4051 1376 4051 1262 4123 841 4087 576 4123 492 4051 384 4057 384 4255"/></Shape>
	    <String CONTENT="ſe trouve placée, &amp; duquel"
                    HPOS="378"
                    VPOS="4051"
                    WIDTH="2614"
                    HEIGHT="306"></String>
          </TextLine>
          <TextLine ID="tl_16"
                    TAGREFS="LT176"
                    BASELINE="394 4529 591 4529 951 4529 1531 4528 2523 4531 2999 4522" 
                    HPOS="384"
                    VPOS="4327"
                    WIDTH="2614"
                    HEIGHT="264">
            <Shape><Polygon POINTS="390 4525 390 4591 570 4555 829 4555 871 4585 895 4585 997 4555 1117 4585 1123 4591 1466 4591 1466 4585 1478 4585 1532 4555 1724 4585 1869 4555 1929 4585 1947 4585 2055 4555 2986 4567 2998 4519 2986 4363 2752 4327 2740 4327 2668 4357 2626 4381 2049 4381 1923 4351 1802 4327 1790 4327 1688 4381 1550 4381 1286 4345 1129 4327 1111 4327 1063 4369 973 4339 937 4339 871 4381 673 4381 540 4327 528 4327 384 4333 390 4525"/></Shape>
	    <String CONTENT="de ces deux extrêmes elle"
                    HPOS="384"
                    VPOS="4327"
                    WIDTH="2614"
                    HEIGHT="264"></String>
          </TextLine>
          <TextLine ID="tl_17"
                    TAGREFS="LT176"
                    BASELINE="395 4785 1283 4792 2363 4791 2483 4791 2999 4754" 
                    HPOS="384"
                    VPOS="4603"
                    WIDTH="2614"
                    HEIGHT="288">
            <Shape><Polygon POINTS="390 4783 390 4879 733 4891 751 4891 829 4831 1045 4861 1057 4861 1165 4831 1274 4885 1298 4885 1340 4855 1406 4825 1814 4825 2019 4885 2025 4891 2403 4891 2403 4885 2415 4885 2524 4819 2608 4867 2632 4867 2698 4819 2698 4825 2782 4879 2812 4879 2812 4873 2866 4825 2998 4813 2998 4753 2980 4627 2043 4645 2001 4615 1971 4615 1929 4645 1875 4603 1857 4603 1640 4633 1610 4609 1610 4603 1382 4603 1268 4651 1099 4651 1057 4609 1033 4609 931 4639 865 4621 835 4609 384 4615 390 4783"/></Shape>
	    <String CONTENT="emprunte davantage: tou¬"
                    HPOS="384"
                    VPOS="4603"
                    WIDTH="2614"
                    HEIGHT="288"></String>
          </TextLine>
          <TextLine ID="tl_18"
                    TAGREFS="LT176"
                    BASELINE="403 5049 559 5049 1175 5048 2139 5047 2511 5047 3003 5050" 
                    HPOS="396"
                    VPOS="4849"
                    WIDTH="2602"
                    HEIGHT="258">
            <Shape><Polygon POINTS="402 5047 402 5071 637 5107 787 5077 1123 5107 1159 5071 1226 5071 1983 5107 1995 5107 2121 5071 2295 5101 2608 5071 2836 5107 2998 5065 2992 4897 2698 4849 2596 4849 2596 4855 2548 4903 2205 4903 2193 4885 2175 4873 2175 4867 2007 4885 1917 4891 1718 4849 1610 4849 1610 4855 1568 4897 1460 4849 1201 4891 396 4867 402 5047"/></Shape>
	    <String CONTENT="te autre doctrine ne leur"
                    HPOS="396"
                    VPOS="4849"
                    WIDTH="2602"
                    HEIGHT="258"></String>
          </TextLine>
          <TextLine ID="tl_19"
                    TAGREFS="LT176"
                    BASELINE="400 5393 872 5313 1288 5316 1784 5316 2452 5315 3008 5278" 
                    HPOS="384"
                    VPOS="5089"
                    WIDTH="2620"
                    HEIGHT="348">
            <Shape><Polygon POINTS="396 5389 396 5437 685 5389 769 5431 1129 5419 1129 5413 1135 5413 1147 5395 1177 5407 1177 5413 1207 5413 1280 5365 1989 5365 2019 5335 2127 5377 2145 5377 2199 5365 2301 5335 2337 5365 2355 5365 3004 5323 3004 5275 2986 5149 2301 5155 2277 5143 2241 5113 2211 5113 2211 5119 2205 5119 2181 5149 2049 5137 1905 5131 1820 5191 1472 5089 1448 5089 1448 5095 1322 5209 1141 5137 1117 5137 1057 5173 859 5113 384 5125 396 5389"/></Shape>
	    <String CONTENT="plaiſt pas. Les autres con¬"
                    HPOS="384"
                    VPOS="5089"
                    WIDTH="2620"
                    HEIGHT="348"></String>
          </TextLine>
          <TextLine ID="tl_20"
                    TAGREFS="LT176"
                    BASELINE="404 5573 840 5573 1304 5580 1828 5580 2620 5578 3004 5574" 
                    HPOS="396"
                    VPOS="5365"
                    WIDTH="2602"
                    HEIGHT="294">
            <Shape><Polygon POINTS="402 5569 396 5623 829 5599 895 5635 931 5653 937 5653 943 5659 1238 5659 1238 5653 1250 5653 1250 5647 1268 5635 1304 5599 1496 5635 1532 5635 1586 5593 1628 5629 2013 5599 2049 5635 2055 5635 2055 5641 2085 5641 2103 5623 2121 5635 2139 5653 2151 5653 2157 5659 2301 5659 2301 5653 2313 5653 2355 5617 2542 5629 2650 5593 2686 5629 2710 5629 2818 5599 2986 5635 2998 5569 2986 5413 2878 5413 2878 5407 2830 5371 2830 5365 2812 5365 2620 5407 2578 5371 2578 5365 2446 5365 2446 5371 2397 5413 2265 5365 2049 5365 1941 5425 1670 5425 1634 5401 1562 5365 1424 5365 1358 5419 402 5401 402 5569"/></Shape>
	    <String CONTENT="tents que l&#x27;on réduiſe les"
                    HPOS="396"
                    VPOS="5365"
                    WIDTH="2602"
                    HEIGHT="294"></String>
          </TextLine>
          <TextLine ID="tl_21"
                    TAGREFS="LT176"
                    BASELINE="408 5833 1012 5841 1420 5840 2332 5887 2600 5851 3008 5842" 
                    HPOS="396"
                    VPOS="5629"
                    WIDTH="2608"
                    HEIGHT="426">
            <Shape><Polygon POINTS="402 5827 396 6001 613 6007 709 5947 877 6013 895 6013 991 5989 1063 6019 1093 6019 1141 5977 1195 6007 1382 5989 1472 6025 1851 6031 1851 6025 1899 5983 2139 5965 2494 5971 2554 6013 2578 6013 2710 5977 2986 6055 3004 5839 2992 5677 2638 5701 2614 5671 2608 5671 2608 5665 2590 5665 2295 5695 2079 5665 1869 5641 1706 5641 1664 5683 1418 5683 1388 5653 1388 5647 751 5665 727 5635 721 5635 721 5629 402 5653 402 5827"/></Shape>
	    <String CONTENT="mœurs aux paſſions, &amp; que"
                    HPOS="396"
                    VPOS="5629"
                    WIDTH="2608"
                    HEIGHT="426"></String>
          </TextLine>
        </TextBlock>
        <TextBlock HPOS="2065.0"
                   VPOS="5934.0"
                   WIDTH="507.0"
                   HEIGHT="192.0"
                   ID="r_2_1"
                   TAGREFS="BT179">
          <Shape><Polygon POINTS="2065 5934 2523 5934 2572 6126 2075 6126"/></Shape>
          <TextLine ID="tl_22"
                    TAGREFS="LT176"
                    BASELINE="2097 6107 2257 6107 2477 6115" 
                    HPOS="2085"
                    VPOS="5935"
                    WIDTH="391"
                    HEIGHT="264">
            <Shape><Polygon POINTS="2151 5935 2091 5935 2091 6103 2085 6199 2470 6199 2476 6109 2464 5953 2241 5971 2205 5935 2151 5935"/></Shape>
	    <String CONTENT="A v"
                    HPOS="2085"
                    VPOS="5935"
                    WIDTH="391"
                    HEIGHT="264"></String>
          </TextLine>
        </TextBlock>
        <TextBlock HPOS="916.0"
                   VPOS="388.0"
                   WIDTH="1403.0"
                   HEIGHT="253.0"
                   ID="eSc_textblock_c0071620"
                   TAGREFS="BT181">
          <Shape><Polygon POINTS="916 388 916 641 2299 622 2319 388"/></Shape>
          <TextLine ID="tl_1"
                    TAGREFS="LT176"
                    BASELINE="951 606 1242 596 2278 599" 
                    HPOS="943"
                    VPOS="390"
                    WIDTH="1334"
                    HEIGHT="300">
            <Shape><Polygon POINTS="2085 390 2049 390 1935 432 1875 390 1688 390 1598 432 1514 390 1268 390 1213 432 1093 390 997 390 943 426 955 690 1159 630 1286 630 1340 678 1340 684 1352 684 1358 690 1484 690 1484 684 1496 684 1496 678 1538 642 1586 672 1598 684 1610 684 1616 690 1748 690 1748 684 1760 684 1784 666 1845 630 1977 684 1995 684 2121 630 2265 648 2277 594 2271 438 2163 432 2115 390 2085 390"/></Shape>
	    <String CONTENT="ſur Theophraſte."
                    HPOS="943"
                    VPOS="390"
                    WIDTH="1334"
                    HEIGHT="300"></String>
          </TextLine>
        </TextBlock>
      </PrintSpace>
    </Page>
  </Layout>
</alto>
