3854 5360
1099 285 957 85 TRAGEDIE.

621 437 1878 139 ORPHISE & MELANTE.

464 594 1708 183 Quand il adore une Divinité,

178 714 2361 264 Il brigue ſa faveur & non pas ſa tendreſſe.

1135 933 814 183 ORPHISE.

169 1121 2325 214 Minerve n'eût jamais la foibleſſe d'aimer:

335 1299 2159 201 L'Amour n'a rien a prétendre ſur elle.

1153 1487 733 188 MEDUSE.

160 1679 2504 197 A l'amour tôt ou tard on ſe laiſſe enflammer:

585 1835 1418 210 Elle ſe pique d’eſtre belle,

576 2010 1699 192 Et c'eſt aſſez pour m’allarmer.

581 2157 1784 201 Qui veut eſtre belle veut plaire;

147 2282 2575 228 Et quand une beauté veut donner de l’amour,

572 2461 1466 192 Elle cherche à ſe ſatisfaire

572 2621 1605 206 Au peril d'aimer à ſon tour.

1108 2814 801 187 ORPHISE.

567 3001 1628 179 Mais oſeray-je vous le dire?

143 3144 2418 232 Vous avez pour Perſée une inquiete ardeur.

1131 3354 751 170 MEDUSE.

111 3461 2348 241 Je voudrois ſur Perſée étendre mon empire,

134 3649 2508 205 Pour ôter à Minerve un ſi grand deffenſeur.

411 3801 2043 214 Si des ſoûpirs échapent de mon cœur,

567 3948 1968 223 Ce n'est que d'orgueil qu’il ſoûpire.

125 4082 2615 259 Perſée est le plus grand, le plus fier des mortels:

308 4261 2365 228 Tu vois quel bruit, quelle gloire éclatante

554 4413 1654 330 Suit déja ſa valeur naiſſante.

2400 4685 67 134 B

2901 245 130 179 9
