3854 5610
682 350 122 136 14

1767 289 828 173 MEDUSE,

1810 476 776 164 MEDUSE.

724 584 2568 229 Di-luy que de Meduſe il peut tout obtenir,

729 757 2951 243 Treſors, Sceptre, Grandeurs.... Dieux qu'elle est

898 935 734 187 ma foibleſſe?

734 1089 2806 201 Arrête; tâche au moins dans ce tendre entretien

1225 1262 1810 201 De menager un peu ma gloire,

743 1407 2844 219 Que s'il faut tout riſquer pour gagner la victoire,

954 1584 1997 183 Hazarde tout & ne menage rien.

1739 1767 917 177 MELANTE.

748 1949 2839 234 Que faites vous? ſouffrez, l'audace de mon zele,

1393 2145 1534 178 Neptune adore vos appas;

949 2290 2222 192 Et vous courez, aprés un cœur rebelle;

743 2449 2811 220 Vous allez vous offrir au plus grand des ingrats.

1828 2641 767 201 MEDUSE.

757 2819 2891 238 Non, non qu'allois-je faire? & que ne dois je pas

1239 3001 1604 187 A ton avis ſage & fidelle?

748 3132 2268 238 Ma fierté s'oublioit, je la ſens revenir:

743 3319 2418 215 Neptune m'a promis une gloire immotelle,

1075 3478 2217 215 Et tu me rends ce charmant ſouvenir.

1814 3716 866 164 ORPHISE.

1393 3870 1810 229 Quel eſt ce Dieu qui s'avance,

743 4039 2797 215 Et fait voir ſur ces bords tant de magnificence?

1071 4198 2422 238 C'eſt Palemon, c'eſt le Dieu des Nochers,

743 4352 2830 285 C'eſt luy qui les ſauvant des flots & des rochers,

1216 4539 1599 210 Leur trace une route facile,
