3854 5360
2892 335 90 120 21

1104 236 925 179 TRAGEDIE.

1175 419 760 197 ISMENIE.

777 625 1565 210 Prince, par cet emportement

782 795 1498 223 Vous offenſeZ noſtre Deeſſe.

1251 978 631 178 PERSE’E.

187 1116 2777 237 Quand le plus grand des maux menace ma ten¬

317 1295 335 201 dreſſe,

384 1442 2307 215 L'Amour au deſeſpoir agit-il autrement?

1225 1630 675 201 ISMENIE.

178 1844 2540 215 La raiſon doit regler les tranſports d'un amant.

1242 2050 604 187 PERSE’E.

174 2188 2772 313 La raiſon parle en vain quand l'amour eſt extrême,

304 2429 2351 210 Et ce n'eſt qu'à l'Amour que le cœur obeït.

746 2595 1771 165 Peut on écouter quand on aime

737 2720 1748 228 Tout ce que la raiſon nous dit?

1207 2925 648 188 ISMENIE.

165 3104 2459 205 Ah! ſi pour s'épargner d'importunes allarmes

169 3260 2410 219 On bannit la raiſon en faveur de l'Amour;

737 3434 1757 192 Que de repentirs, que de larmes

737 3586 1713 197 Quand la raiſon eſt de retour!

165 3707 2437 259 Vers le Temple je voy le peuple qui ſe preſſe.

438 3890 1989 201 Fuyons des jeux ennemis ou jaloux,

438 4028 2065 233 Et vous alleZ aux pieds de la Deeſſe

733 4194 1520 272 Attirer ſes bonteZ ſur nous.
