3854 5360
2906 330 80 112 11

1064 259 970 151 TRAGEDIE.

509 719 2093 223 SCENE SECONDE.

183 951 2781 255 MEDUSE, ORPHISE, MELANTE,

791 1152 1533 201 PERSE’E, & ſa fuite.

1157 1375 729 210 MEDUSE.

415 1630 2482 205 St-ce Persée? ô Ciel! quel orgueil! je le voy,

429 1804 2544 210 Qui paſſe ſans daigner tourner les yeux ſur moy.

178 1969 966 179 Où courez-vous?

1184 2126 702 201 PERSE’E.

1162 2376 1605 219 Au Temple adorer la Déeſſe.

464 2528 1990 232 C’eſt aujourd'huy la feſte de Pallas;

187 2680 2790 227 C'eſt en un pareil jour qu'en ces lieux où nous ſommes

769 2858 1417 201 On vit ſes glorieux appas

178 3001 2795 228 Pour la premiere fois paroiſtre aux yeux des hommes.

1193 3224 738 179 MEDUSE.

178 3430 2495 196 Ne peut-on un moment retenir cette ardeur?

183 3595 2378 201 Et n’eſt-il point icy quelque beauté mortelle

187 3747 2571 214 Qui ſoit digne de vous, & merite comme elle,

773 3926 1820 165 Et voſtre encens & voſtre cœur?

1216 4100 648 183 PERSE'E.

187 4301 2531 228 En eſt-il dont l'audace aveugle & criminelle,

773 4484 1708 241 Veuille luy ravir cet honneur?

2396 4698 219 175 B ij

183 1893 223 103 E
