3854 5360
2932 263 117 250 33

1144 214 935 152 TRAGEDIE.

214 339 2566 201 Neptune qui le hait & qui connoît ma peine,

505 473 1967 210 Laiſſera-t’il ſa fuitte à ſon pouvoir?

804 620 1610 237 Quelle honte, quel deſeſpoir,

219 786 2432 205 De voir un cœur rebelle échaper à ma haine!

415 1366 2339 237 SCENE CIN QUIE’ME.

545 1590 2043 219 NEPTUNE, MEDUSE.

1171 1840 791 183 NEPTUNE.

478 1992 304 308 M

782 2063 1614 210 On amour a fait ſon devoir:

201 2233 2553 174 Perſée & la beaute pour qui ſon cœur ſoûpire,

469 2389 1846 192 Alloient ſortir de voſtre Empire:

769 2546 1882 192 Alais ſçachez quels ſont les appas

201 2684 2548 228 Qu'il aimoit & cachoit ſous le nom de Pallas:

196 2858 2195 206 Perſée aime Iſmenie, & fuyoit avec elle.

1193 3095 707 170 MEDUSE.

192 3300 2267 210 Perſée aime Iſmenie, ah! fortune cruelle!

464 3470 1717 223 Quoy mon orgueil s'étoit flatté

201 3631 2159 201 Que j'avois pour Rivale une Divinité,

769 3783 1408 183 Et c'eſt une foible mortelle

764 3939 1569 188 Qui triomphe de ma beauté;

760 4091 1605 223 Quel affront, fortune cruelle!

1166 4305 752 161 NEPTUNE.

192 4404 2772 303 Vous aimez, donc Perſée, & cet ardent courroux...

2561 4636 72 214 E
