3854 5610
734 355 117 126 34

1847 280 767 173 MEDUSE,

1880 528 655 131 MEDUSE.

1393 715 1913 215 O Ciel! que me reprochez-vous?

738 869 2956 253 Moy, j'aurois de l'amour pour l'Amant d'Iſmenie?

738 1047 2606 191 Le traître en ſoûtenant la beauté de Pallas,

1389 1229 1758 187 Soûpiroit pour d'autres appas;

1389 1383 1286 169 Il adore mon ennemie.

1389 1533 1702 201 Vous qui pouvez, les arrêter,

738 1683 2816 210 Vous laiſſez à ma haine échaper l'un & l'autre.

1814 1930 809 206 NEPTUNE.

724 2117 2966 225 Non, non, pour contenter ma vangeance & la vôtre,

874 2295 2498 224 J'ay briſé le Vaiſſeau qui les devoit porter.

1534 2449 1319 183 MEDUSE à ſa Suite.

729 2599 2970 206 Que ſont-ils devenus: vous, pour ſervir ma haine,

1052 2772 2109 201 Courez, voleZ, précipitez vos pas;

738 2921 2896 229 Amenez, promptement aux pieds de vôtre Reyne,

1375 3094 1768 211 Un cœur qui brave ſes appas.

1805 3249 804 173 NEPTUNE.

1375 3389 1777 220 De quoy s'embaraſſe Meduſe?

1375 3553 1655 205 Vôtre deſordre me ſurprend.

729 3674 2713 248 Regardez, les reſpects que Neptune vous rend,

710 3866 2704 229 Et mépriſez, l'encens qu'un mortel vous refuſe.

710 4029 2484 201 Le Maître ſouverain de ce vaſte élement;

1043 4193 2282 215 Le Dieu qui fait & calme les tempêtes,

715 4347 2680 239 S'eſt aux yeux de Pallas declaré vôtre amant;

1047 4511 2175 224 Et vous avez l'indigne empreſſement

1052 4670 1866 276 De faire de moindre conquêtes.
