3854 5610
825.0 307.0 124.0 84.0 24

1922 247 748 145 MEDUSE.

1903 406 772 178 MINERVE.

1463 598 1647 220 Plein d'un ſi beau ſentiment

1463 785 1782 187 Vn grand cœur peut noblement

1459 925 1394 201 Se livrer à la tendreſſe,

1459 1098 1609 201 Un amour qui fuit le repos,

1454 1252 1661 173 Et s’accorde avec la ſageſſe,

1454 1407 1637 229 Bien loin d'eſtre la foibleſſe,

1459 1580 1370 219 Eſt la gloire des Heros.

1099 2281 2376 215 SCENE CINQUIE’ME.

809 2533 2918 229 PERSE’E, ſa Suite entre dans le Temple où eſt

1122 2711 2301 201 la Statuë de Pallas, & porte des preſens

1847 2870 818 187 ſur ſon Autel.

1234 3104 2100 233 UN MINISTRE DU TEMPLE.

1117 3342 1960 225 Ien n'eſt ſi charmant que Pallas:

1085 3506 1459 243 Jupiter qui la fit ſi belle,

1445 3660 1744 215 Prit plaiſir d’aſſembler en elle,

1435 3833 1609 206 Et les vertus & les appas,

799 3978 2905 234 Que l'on voit ſeparez, dans la Troupe immortelle;

1459 4146 1571 229 La grace avec la majeſté,

1440 4315 1595 205 Le ſçavoir & la puiſſance,

1435 4464 1609 229 La valeur & la prudence,

1440 4628 1342 294 La ſageſſe & la beauté.

3311 4768 402 295 SCENE

827 3366 267 369 R
