3854 5360
1171 236 997 143 TRAGEDIE.

456 460 2400 196 CENE QUATRIE’ME.

675 611 1989 184 PALEMON, MEDUSE.

353 763 2620 201 Troupe de Tritons & de Nereïdes, & de Peuples

420 929 2481 174 Maritimes. La Mer eſt couverte de Vaiſſeaux.

1216 1085 858 165 PALEMON.

979 1206 1962 196 Ar l’ordre du grand Dieu des Eaux,

952 1371 1770 205 Je conduis ces riches Vaiſſeaux,

701 1532 1950 201 Qui voguent ſur l’Onde tranquille.

706 1688 1623 192 Les Peuples les plus éloignez,

706 1853 1958 170 Ont quitté pour vous leurs rivages;

263 1992 2325 187 Neptune les envoyé en ces lieux fortunez,

710 2157 1892 179 Vous preparer par leurs hommages

263 2300 2437 196 Aux ſuperbes honneurs qu’il vous a deſtinez.

974 2438 1337 179 CHOEUR des Peuples.

858 2577 1466 210 Ah! que Meduſe eſt belle!

259 2706 2606 264 Qu'elle eſt digne du Dieu qui ſoûpire pour elle!

1059 2889 1078 170 UNE NEREIDE.

697 3023 1820 206 L'Amour fait regner les Plaiſirs,

693 3184 1909 206 Où regnoit l’horreur des naufrages.

679 3336 1824 188 Les Vents qui cauſent les orages,

693 3497 1819 179 Font place aux aimables Zephirs.

688 3635 1833 188 L'Amour fait regner les Plaiſirs,

697 3796 1900 192 Où regnoit l’horreur des naufrages.

688 3948 1784 192 Le ſeul bruit des tendres ſoupirs,

688 4113 1721 161 Trouble la paix de ces rivages.

693 4247 1842 206 L'Amour fait regner les Plaiſirs,

693 4399 1895 197 Où regnoit l'horreur des naufrages.

603 4551 2075 241 Le Chœur repete, Ah! que Meduſe, &c.

2968 308 121 183 15

693 1487 236 71 P
