3854 5610
804 336 168 145 32

1875 280 795 182 MEDUSE,

1145 453 1796 173 Mortels ennemis de Meduſe;

818 575 2666 219 Le bruit de vôtre fuite eſt venu juſqu'à nous.

818 757 2647 192 Avez-vous cru pouvoir éviter ſon courroux?

1463 902 1521 220 Quel charme vous abuſe?

818 1075 2577 173 A ſon reſſentiment rien ne vous peut cacher.

813 1224 2741 225 Et pour rendre aujourd'huy vôtre fuite inutile,

813 1383 2409 239 Que le Vaiſſeau qui ſeul eſt voſtre azile,

1468 1561 1455 173 Se briſe contre ce Rocher.

827 1706 2568 220 Vents orageux troublez ce rivage tranquile.

1819 1921 1852 168 Le Vaiſſeau ſe briſe contre un Rocher.

1903 2122 777 187 CHOEUR.

823 2286 2581 210 Vents orageux troubleZ ce rivage tranquile.

2680 2496 893 154 Les Vents danſent.

1117 3122 2339 215 SCENE QUATRIE’ME.

1510 3361 1562 215 MEDUSE, ſa Suite.

1912 3618 744 201 MEDUSE.

1173 3828 2554 243 U'on le cherche par tout, dans les affreux de¬

841 3805 300 393 Q

1286 4011 355 210 ſerts,

813 4156 2910 233 Dans les antres profonds, dans les plus noirs abîmes,

809 4324 2918 243 Et dans tout ce qui ſert d’azile aux plus grands

972 4478 431 178 crimes;

809 4642 2670 285 Qu'on aille le chercher juſques dans les enfers;

3245 4838 487 262 Neptune
