3854 5610
1791.0 289.0 788.0 134.0 MEDUSE,

1580 439 1221 131 UNE NEREIDE.

1220 551 1796 197 Si du nom de Reyne ou de belle

1061 710 1843 201 Le choix eſtoit en noſtre liberté,

1211 878 1740 197 Je connois plus d'une mortelle,

1057 1019 1973 229 Qui donneroit le prix à la beauté.

1758 1182 870 183 PALEMON.

734 1327 2446 220 Neptune vient troubler la feſte de Pallas,

1379 1505 1324 192 Deffier toute ſa colere,

1375 1668 1585 206 Et braver Jupiter ſon pere,

1370 1832 1665 192 Pour la gloire de vos appas.

1810 1972 767 178 MEDUSE.

729 2117 2937 206 Ah! que c'eſt pour ma gloire une douceur extrême,

1370 2276 2030 229 Quand elle eſt en ſi grand danger,

1365 2445 1782 201 De voir qu'on peut la degager,

1202 2599 2245 210 Par le ſecours d'un Dieu qui m'aime!

1814 2753 753 182 CHOEUR.

1038 2884 2100 238 Que voſtre ſort doit faire de jaloux?

1356 3071 1791 192 Un Dieu ſe declare pour vous.

1679 3225 996 164 Un de la Troupe.

1206 3361 2021 220 Vivez ſur la foy de vos charmes,

1192 3520 1871 215 Sans jalouſie & ſans allarmes,

1197 3683 1557 211 Voſtre gloire eſt en ſeureté.

1192 3842 1815 187 Un Heros ſert une immortelle;

1024 4006 2296 201 Mais vous avez pour vous contre elle,

1178 4156 2049 243 Un Dieu, l'Amour, & la Beauté.

1772 4338 763 154 CHOEUR.

1010 4469 2128 210 Que voſtre ſort doit faire de jaloux?

1337 4632 1763 206 Un Dieu ſe declare pour vous.

1426 4773 1450 252 FIN DU PREMIER ACTE.

701 299 173 201 16
