3854 5360
1117 183 957 169 TRAGEDIE.

2879 209 138 193 23

1296 402 604 178 PERSE’E.

782 571 1820 228 Je vous entens, adorable Deeſſe,

769 772 1600 192 Je ne dois écouter que vous:

773 911 1896 205 J'aime, mais ce penchant ſi doux

786 1076 1856 197 Qui m'entraîne vers la princeſſe,

482 1197 2115 214 Le Ciel veut-il qu’il dépende de nous?

795 1371 1748 201 Vous eſt-il honteux qu'avec elle

782 1536 1797 206 Vous partagieZ tous mes deſirs?

192 1679 2776 205 Vous avez mes reſpects, vous avez, tout mon zele;

183 1826 2562 237 Est-ce trop qu'Iſmenie ait mes tendres ſoûpirs?

183 1996 2414 201 Pouvez-vous condamner une flâme ſi belle?

1175 2170 774 210 MINERVE.

174 2349 2709 250 Né pour chercher la gloire au bout de l'Univers,

769 2537 1658 214 Ne ſçaurois-tu rompre tes fers

755 2711 1543 183 Par une heureuſe violence?

751 2836 1708 214 Et crois-tu qu’il te ſoit permis,

590 2952 2043 272 Pour éviter les rigueurs de l’abſence,

165 3122 2584 268 D'oublier ce grand nom que le Ciel t’a promis?

1193 3390 577 263 PERSE’E.

156 3609 2459 254 Malgré l'attachement de mon ardeur fidelle,

706 3796 1569 215 Je pars ſi la gloire m’appelle.

742 3948 1918 214 Plein du deſir d'un prompt retour;

406 4069 1918 259 Je voleray de victoire en victoire,

424 4238 2128 255 Et mes exploits hâtez, par mon amour,

429 4408 1994 290 M'abregeront le chemin de la gloire.
