3854 5360
1095 290 992 165 PROLOGUE.

3008 424 54 58 5

1403 455 434 170 IRIS.

415 625 2093 214 Vont allez voir un ſpectacle agreable,

219 799 2454 183 Où le jaloux Amour dans ſon emportement

219 933 2208 228 Attire ſur Meduſe un ſuplice effroyable

818 1121 1591 187 Par un horrible changement.

1301 1313 626 174 TIRCIS.

818 1496 1417 219 Sans l’amoureuſe tendreſſe

214 1661 2790 259 Quels ſeront nos concerts, nos plaiſirs & nos jeux?

1426 1880 375 174 IRIS.

514 2023 2182 228 Nous goûterons le ſort le plus heureux,

670 2197 1699 210 Sans jalouſie & ſans foibleſſe;

223 2349 2607 228 Nous chanterons un Roy qui borne ſes ſouhaits

675 2523 1649 170 A donner le calme à la terre;

670 2680 1623 201 Preſt à quitter ſon tonnerre,

666 2822 1399 188 Si les ennemis de la paix

415 2965 2044 215 Ne le forçoient à leur faire la guerre.

1108 3162 1011 188 LE CHOEUR.

232 3345 2669 259 Chantons, chantons un Roy qui borne ſes souhaits,

670 3533 1628 174 A donner le calme à la terre;

670 3680 1605 214 Preſt à quitter ſon tonnerre,

679 3841 1413 165 Si les ennemis de la paix

438 3975 2007 223 Ne le forçoient à leur faire la guerre.

706 4261 1824 312 FIN DU PROLOGUE.
