3854 5360
2906 335 80 93 13

1104 276 939 148 TRAGEDIE.

1211 460 738 138 MEDUSE.

500 553 1856 192 Aime Pallas, l’ambition est belle.

643 723 1605 179 Tandis que cette immortelle

496 888 2083 161 Triomphera des ſoûpirs que tu perds,

639 1036 2025 183 Le Dieu qui la hait & qui m'aime,

643 1188 1574 178 Ira dans ſon Temple meſme

214 1340 2441 196 Couronner mes appas aux yeux de l'Univers,

447 1876 2240 169 SCENE TROISIE'ME.

259 2059 2660 214 MEDUSE, MELANTE, ORPHISE.

1207 2291 737 183 MEDUSE.

353 2470 2638 210 L court au Temple & rien n'étonne ſon courage;

362 2648 2624 197 Mais s'il aime Minerve eſt-ce un ſi grand malheur?

639 2805 1927 187 D'où vient que je ſens cet outrage,

210 2952 2329 170 Avec tant dépit, de honte & de douleur?

205 3104 2781 201 Neptune aux yeux de tous viendra me rendre hõmage:

639 3269 1949 183 Un Dieu s'explique en ma faveur,

625 3417 1579 196 Je ſens ce ſuperbe avantage:

634 3573 1726 187 Cependant ſi ce grand honneur

210 3711 2378 183 Me venoit de Persée il plairoit davantage.

205 3894 327 148 A Melante.

210 4015 2101 183 Va cours a cet ingrat; tâche de retenir

366 4162 2101 197 Ce zele ardent qu'il a pour la Déeſſe.

1171 4323 836 174 MELANTE.

205 4453 2379 304 Que peut-on oppoſer à l'ardeur qui le preſſe?

201 2470 143 388 I
