3854 5648
1757 310 824 160 MEDUSE,

659 320 146 174 8

1738 531 909 123 MELANTE.

1027 658 2205 273 Qui peut troubler un ſort ſi glorieux?

1356 842 1659 198 Eſt-ce la Princeſſe Iſmenie,

1356 997 2003 207 Qui receut de la main des Dieux,

1356 1167 1569 174 Vne beauté digne d'envie?

1356 1322 1659 193 Par respect elle s’eſt bannie,

702 1477 2473 222 Et ne balance plus le pouvoir de vos yeux.

1771 1713 829 179 ORPHISE.

1031 1845 2172 207 Eſt-ce Minerve adorée en ces lieux?

706 2014 2427 235 C'eſt le plus digne objet de voſtre jalouſie.

1729 2179 904 183 MELANTE.

1022 2301 2228 268 Qui peut troubler un ſort ſi glorieux?

885 2485 2469 230 Quand vous pouvez avec une immortelle,

1361 2663 1626 179 Diſputer aux yeux de tous,

1356 2814 1687 207 La gloire d'eſtre la plus belle;

702 2960 2742 231 Dans ce fameux combat entre Pallas & vous,

1356 3148 1795 203 Neptune prend voſtre querelle.

1837 3304 740 193 MEDUSE.

1356 3445 1998 226 Quand Neptune eſt contre Pallas,

711 3600 2916 221 Il en croit moins l'amour qu'il a pour mes appas,

1352 3770 1781 230 Que la haine qu'il a pour elle:

669 3930 2826 230 J'ay d'autres deplaiſirs que vous ne ſçavez pas.

1366 4104 1969 179 Mais vous diray-je ma foibleſſe?

1366 4254 1385 236 Perſée adore la Deeſſe,

711 4424 2747 207 Et luy donne à mes yeux le prix de la beauté;

914 4584 2393 212 C'eſt un affront qui tourmente ſans ceſſe,

1031 4744 1762 320 Ma delicate & jalouſe fierté.

3142 4899 547 226 ORPHISE
