3854 5610
748 369 117 173 20

1889 303 678 159 MEDUSE.

1908 495 627 140 PERSE’E.

748 649 2680 257 Pour Meduſe faut-il ſans ceſſe ſe contraindre?

1875 892 697 187 ISMENIE.

1066 1089 2002 210 Meduſe n'eſt pas ſeule à craindre:

1389 1276 1431 182 La ſage & ſevere Pallas

734 1425 2441 183 Du destin des Heros ſouveraine maîtreſſe

738 1589 2737 224 Veut regler vos deſirs & marquer tous vos pas:

1375 1762 1487 168 Elle condamne l'embarras

1375 1912 1777 182 De la folle & vaine tendreſſe,

720 2042 2380 267 Et s'offenſe de tout où la gloire n'eſt pas.

1889 2286 613 163 PERSE’E.

888 2454 2343 271 Ne craigneZ pas que Minerve s'offenſe

1370 2655 2072 196 De ces nœuds ſi beaux & ſi doux,

706 2809 2694 215 Que la gloire elle-même a formez entre nous:

1028 2968 1956 178 Sans la gloire & ſans l'innocence

1347 3155 1749 164 Peut-on eſtre bien avec vous?

1814 3319 730 201 ISMENIE.

940 3482 2245 276 Mais ſi Pallas un peu trop inhumaine

1347 3707 1870 182 Vouloit pour briſer noſtre chaîne

940 3861 2212 210 A ſes Autels pour jamais m'attacher.

1847 4020 608 168 PERSE’E.

659 4151 2446 224 Je renonce à Pallas ſi ſa rigueur extrême

1342 4315 1548 205 Me ravit un treſor ſi cher;

949 4473 2151 220 Et nul reſpect ne ſçauroit m'empêcher

692 4628 2553 308 De l'enlever des mains de la Deeſſe meſme.
