3854 5648
753 320 95 117 12

1846 272 820 165 MEDUSE,

1894 461 739 164 MEDUSE,

767 630 2912 226 Par zele & par reſpect vous pouvez, la deffendre;

961 804 2610 193 Mais vous l'aimez & vous oſez, pretendre,

758 946 2827 263 Que Pallas juſqu'à vous daigne baiſſer les yeux.

1875 1204 716 165 PERSE’E.

970 1383 2342 254 J'aime Pallas ſans eſpoir, ſans foibleſſe,

758 1576 2893 226 Et je croy que le Fils du plus puiſſant des Dieux

1243 1741 1423 188 Peut adorer une Déeſſe.

1201 1892 1658 244 Jupiter nous donna le jour;

1243 2066 1550 193 Pallas le doit à ſa ſageſſe,

1243 2249 1588 184 Et je le dois à ſon amour.

1861 2414 768 188 MEDUSE.

1243 2588 1885 207 Il eſt beau de naître immortelle,

753 2776 2540 212 Avec une beauté qui peut tout enflammer;

1243 2927 1956 198 Mais il est honteux d'estre belle,

1248 3115 2125 193 Avec un cœur qui ne ſçauroit aimer.

1875 3289 716 198 PERSE’E.

1239 3487 1771 221 D'une Déeſſe auguste & ſage

1229 3666 1955 212 J'aime mieux les justes rigueurs,

1224 3826 1541 217 Que d'une mortelle volage

1224 3991 1819 183 Les vaines & fauſſes douceurs.

739 4193 2954 264 Qui veut toujours aller de conqueste en conqueste,

1220 4386 1922 193 Perd ſes ſoins & ne garde rien:

1229 4541 1946 212 Un cœur que nul objet n'arreste,

1234 4720 1696 245 Ne ſçauroit arrester le mien.

744 4861 763 226 Perſée s’en va.
