3854 5360
1171 245 908 165 TRAGEDIE.

2955 343 134 103 25

2535 4698 102 210 D

478 857 2231 237 SCENE CINQUIE'ME.

223 1094 2808 237 NEPTUNE & ſa Suite, MEDUSE, PERSE’E

1278 1281 653 179 & ſa Suite.

1229 1500 756 188 NEPTUNE.

523 1715 1976 232 Ieux & mortels réparez & l'injuſtice,

527 1889 2397 219 Que l'on fait à Meduſe en faveur de Pallas;

813 2059 1605 201 Qu'on mépriſe les fiers appas

491 2219 2298 210 Qui ne ſont nez que pour noſtre ſupplice.

809 2362 1721 201 Plus d'encens, plus de ſacrifice

795 2523 1592 219 A la beauté qui n'aime pas.

1292 2751 594 165 PERSE’E.

205 2858 2808 259 Que vois-je? eſt-il donc vray que Neptune luy-même

205 3041 2660 210 Vient outrager Minerve & s'arme contre nous?

1189 3202 787 179 NEPTUNE.

201 3309 2293 259 Miſerables mortels adorez ce que j'aime,

791 3506 1560 196 Ou craignez mon courroux.

1573 3658 1252 161 La Suite de Perſée s'enfuit.

1238 3760 675 170 PERSE’E.

205 3863 2786 241 A la voix de ce Dieu tout fuit, tout m'abandonne:

330 4033 2312 232 Moy-même je me ſens ſaiſi d'une terreur,

473 4216 1878 201 Qui me deſarme & qui m'étonne.

268 4350 2705 277 Les Nereïdes prennent les preſens qui ſont ſur l’Autel, & les

192 4493 1332 246 portent aux pieds de Meduſe.

232 1916 268 187 D
