4042 7369
1363 190 903 356 Comedie.

3182 208 239 283 25

571 546 2310 264 Mr DE SOTENVILLE.

350 749 3077 405 Tout beau. Prenez garde à

67 1068 3360 399 ce que vous dites. Ma fille eſt

55 1412 3378 368 d’vne race trop pleine de vertu

43 1701 3396 454 pour ſe porter iamais à faire

61 2008 3372 436 aucune choſe dont l’honneſte¬

79 2351 3354 369 té ſoit bleſſée, & de la maiſon

67 2646 3372 412 de la Prudoterie, il y a plus de

79 3039 3348 320 trois cens ans qu'on n'a point

79 3297 3354 387 remarqué qu’il y ait eu de fem¬

98 3641 3354 368 me, Dieu mercy, qui ait fait

55 3942 1333 411 parler d’elle.

589 4249 2322 332 Mr DE SOTENVILLE.

387 4544 3065 344 Corbleu, dans la maiſon de

92 4881 3354 326 Sotenuille on n’a iamais veu de

104 5189 3348 368 coquette, & la brauoure n’y

116 5520 3330 344 eſt pas plus hereditaire aux

110 5815 3323 454 maſles, que la chaſteté aux fe¬

129 6140 724 479 melles.

2512 6478 190 344 C
