4089 7536
1243 232 911 358 Comedie.

3171 326 289 308 37

50 546 3429 364 choſe! I'amene icy ma fille

43 860 3436 396 pour éclaircir l’affaire en pre¬

50 1205 2682 346 ſence de tout le monde.

904 1526 1376 301 CLITANDRE.

257 1764 3222 427 Eſt ce donc vous, Madame,

50 2122 3423 390 qui auez dit à voſtre mary que

50 2442 2902 377 ie ſuis amoureux de vous?

810 2794 1671 358 ANGELIQVE.

257 3083 3210 383 Moy, & comment luy au¬

56 3391 3430 414 rois-ie dit? Eſt-ce que cela eſt?

56 3724 3417 376 Ie voudrois bien le voir vray¬

50 4063 3429 383 ment que vous fuſſiez amou¬

43 4352 3436 452 reux de moy. Ioüez vous-y, ie

37 4710 3436 420 vous en prie, vous trouuerez à

37 4998 3449 446 qui parler. C'eſt vne choſe que

43 5338 3430 433 ie vous conſeille de faire. Ayés

43 5652 3417 427 recours pour voir à tous les dé¬

50 5928 3404 490 tours des Amans. Eſſayez vn

37 6298 3405 515 peu par plaiſir à m'enuoyer des

2468 6719 220 339 D
