4042 7200
618 774 2655 294 Extrait du Priuilege du Roy.

576 1188 3075 330 Ar grace & priuilege du Roy, donné

582 1446 3075 264 à Paris le dernier iour de Septembre

246 1212 294 516 P

252 1650 3417 288 1668. ſigné par le Roy en ſon Conſeil GVI¬

252 1896 3393 276 TONNEAV. Il eſt permis au Sieur de MO¬

246 2124 3429 270 LIERE de faire imprimer, vendre & debiter

252 2340 3411 300 vne Comedie par luy composée intitulée Geor¬

192 2568 3465 276 ge Dandin, ou le mary confondu, pendant

240 2796 3411 234 ſept années, & defenſes ſont faites à tous

246 3018 3399 276 autres de l’imprimer, ny d’autre édition

246 3240 3411 282 que celle de l’Expoſant, ou de ceux qui

246 3450 3393 288 auront droit de luy, à peine de trois mille

252 3696 3387 276 liures d’amende, confiſcation des exem¬

252 3924 3381 252 plaires contrefaits, & de tous dépens,

246 4134 3393 288 dommages, & intereſts, comme il eſt plus

240 4356 2967 336 amplement porté par leſdites lettres.

414 4794 3225 252 Ledit Sieur de MOLIERE a cedé ſon droit

258 5028 3375 264 de Priuilege à IEAN RIBOV Marchand

258 5250 3351 282 Libraire à Paris, ſuiuant l’accord fait en¬

246 5478 606 246 tre eux.

432 5886 3015 312 Regiſtré ſur le liure de la Communauté.

540 6138 2769 366 Signé, A. SOVBERON, Syndic.
