4042 7603
577 107 247 266 28

1535 25 1694 348 George Dandin,

1104 342 2341 278 Me DE SOTENVILLE.

704 570 3242 386 Iour de Dieu, ie l'étrangle¬

558 918 3388 368 rois de mes propres mains, s’il

552 1222 3407 380 falloit qu’elle forlignaſt de

552 1545 2734 343 l’honneſteté de ſa mere.

1078 1837 2373 336 Mr DE SOTENVILLE.

704 2109 3255 387 Corbleu, ie luy paſſerois mon

552 2451 3401 349 épée au trauers du corps, à elle

564 2749 3401 412 & au galant, ſi elle auoit forfait

564 3123 1745 349 à ſon honneur.

1237 3376 2164 292 GEORGE DANDIN.

717 3643 3242 367 Ie vous ay dit ce qui ſe paſſe

545 3991 3427 393 pour vous faire mes plaintes, &

539 4302 3426 405 ie vous demande raiſon de cet¬

552 4650 1497 298 te affaire là.

1116 4922 2437 305 Mr DE SOTENVILLE.

703.0 5214.0 3339.0 393.0 Ne vous tourmentez point, ie

539 5556 3433 336 vous la feray de tous deux, &

545 5866 3427 336 ie ſuis homme pour ſerrer le

552 6202 3420 349 bouton à qui que ce puiſſe

558 6538 3414 374 eſtre. Mais eſtes-vous pas bien
