<?xml version="1.0" encoding="UTF-8"?>
<alto xmlns:xsi="http://www.w3.org/2001/XMLSchema-instance"
      xmlns="http://www.loc.gov/standards/alto/ns-v4#"
      xsi:schemaLocation="http://www.loc.gov/standards/alto/ns-v4# http://www.loc.gov/standards/alto/v4/alto-4-2.xsd">
  <Description>
    <MeasurementUnit>pixel</MeasurementUnit>
    <sourceImageInformation>
      <fileName>Moliere1669_Dandin_cb30958651f_cropped_corrected_0014.png</fileName>
    </sourceImageInformation>
  </Description>
  <Tags>
    <OtherTag ID="BT7" LABEL="CustomZone" DESCRIPTION="block type CustomZone"/><OtherTag ID="BT8" LABEL="DamageZone" DESCRIPTION="block type DamageZone"/><OtherTag ID="BT9" LABEL="DigitizationArtefactZone" DESCRIPTION="block type DigitizationArtefactZone"/><OtherTag ID="BT10" LABEL="DropCapitalZone" DESCRIPTION="block type DropCapitalZone"/><OtherTag ID="BT11" LABEL="GraphicZone" DESCRIPTION="block type GraphicZone"/><OtherTag ID="BT12" LABEL="MainZone" DESCRIPTION="block type MainZone"/><OtherTag ID="BT13" LABEL="MarginTextZone" DESCRIPTION="block type MarginTextZone"/><OtherTag ID="BT14" LABEL="MusicZone" DESCRIPTION="block type MusicZone"/><OtherTag ID="BT15" LABEL="NumberingZone" DESCRIPTION="block type NumberingZone"/><OtherTag ID="BT17" LABEL="QuireMarksZone" DESCRIPTION="block type QuireMarksZone"/><OtherTag ID="BT18" LABEL="RunningTitleZone" DESCRIPTION="block type RunningTitleZone"/><OtherTag ID="BT19" LABEL="SealZone" DESCRIPTION="block type SealZone"/><OtherTag ID="BT20" LABEL="StampZone" DESCRIPTION="block type StampZone"/><OtherTag ID="BT21" LABEL="TableZone" DESCRIPTION="block type TableZone"/><OtherTag ID="BT22" LABEL="TitlePageZone" DESCRIPTION="block type TitlePageZone"/><OtherTag ID="BT256" LABEL="Title" DESCRIPTION="block type Title"/><OtherTag ID="BT257" LABEL="Damage" DESCRIPTION="block type Damage"/><OtherTag ID="BT258" LABEL="Stamp" DESCRIPTION="block type Stamp"/><OtherTag ID="BT259" LABEL="Decoration" DESCRIPTION="block type Decoration"/><OtherTag ID="BT260" LABEL="Main" DESCRIPTION="block type Main"/><OtherTag ID="BT261" LABEL="Numbering" DESCRIPTION="block type Numbering"/><OtherTag ID="BT262" LABEL="Signatures" DESCRIPTION="block type Signatures"/><OtherTag ID="BT263" LABEL="DropCapital" DESCRIPTION="block type DropCapital"/><OtherTag ID="BT264" LABEL="RunningTitle" DESCRIPTION="block type RunningTitle"/>
    <OtherTag ID="LT7" LABEL="CustomLine" DESCRIPTION="line type CustomLine"/><OtherTag ID="LT8" LABEL="DefaultLine" DESCRIPTION="line type DefaultLine"/><OtherTag ID="LT9" LABEL="DropCapitalLine" DESCRIPTION="line type DropCapitalLine"/><OtherTag ID="LT10" LABEL="HeadingLine" DESCRIPTION="line type HeadingLine"/><OtherTag ID="LT11" LABEL="InterlinearLine" DESCRIPTION="line type InterlinearLine"/><OtherTag ID="LT12" LABEL="MusicLine" DESCRIPTION="line type MusicLine"/><OtherTag ID="LT194" LABEL="Default" DESCRIPTION="line type Default"/><OtherTag ID="LT195" LABEL="Rubric" DESCRIPTION="line type Rubric"/>
  </Tags>
  <Layout>
    <Page WIDTH="4042"
          HEIGHT="7405"
          PHYSICAL_IMG_NR="4"
          ID="eSc_dummypage_">
      <PrintSpace HPOS="0"
                  VPOS="0"
                  WIDTH="4042"
                  HEIGHT="7405">
        <TextBlock HPOS="511.0"
                   VPOS="238.0"
                   WIDTH="182.0"
                   HEIGHT="228.0"
                   ID="eSc_textblock_ccee5682"
                   TAGREFS="BT261">
          <Shape><Polygon POINTS="511 238 511 409 693 466 670 238"/></Shape>
          <TextLine ID="tl_1"
                    TAGREFS="LT194"
                    BASELINE="542 404 660 404 670 404" 
                    HPOS="536"
                    VPOS="240"
                    WIDTH="130"
                    HEIGHT="198">
            <Shape><Polygon POINTS="660 253 567 240 536 240 536 401 536 438 666 419 666 401 666 290 660 253"/></Shape>
	    <String CONTENT="2"
                    HPOS="536"
                    VPOS="240"
                    WIDTH="130"
                    HEIGHT="198"></String>
          </TextLine>
        </TextBlock>
        <TextBlock HPOS="1408.0"
                   VPOS="125.0"
                   WIDTH="1782.0"
                   HEIGHT="306.0"
                   ID="eSc_textblock_d7ca98c7"
                   TAGREFS="BT264">
          <Shape><Polygon POINTS="1442 136 1408 431 3190 431 3190 125"/></Shape>
          <TextLine ID="eSc_line_4299db8a"
                    TAGREFS="LT194"
                    BASELINE="1476 373 2151 348 3136 397" 
                    HPOS="1468"
                    VPOS="129"
                    WIDTH="1666"
                    HEIGHT="315">
            <Shape><Polygon POINTS="2523 129 2338 129 2277 135 2209 135 2141 166 2067 135 1888 135 1764 160 1616 135 1474 135 1474 370 1468 407 1518 431 1530 431 1715 388 1832 438 2048 444 2295 382 2431 425 2456 425 2456 419 2505 382 3073 431 3091 431 3134 394 3134 185 2974 141 2955 141 2881 178 2857 185 2523 129"/></Shape>
	    <String CONTENT="George Dandin,"
                    HPOS="1468"
                    VPOS="129"
                    WIDTH="1666"
                    HEIGHT="315"></String>
          </TextLine>
        </TextBlock>
        <TextBlock HPOS="488.0"
                   VPOS="477.0"
                   WIDTH="3520.0"
                   HEIGHT="6052.0"
                   ID="eSc_textblock_d701602b"
                   TAGREFS="BT260">
          <Shape><Polygon POINTS="511 477 488 6529 4008 6529 4008 477"/></Shape>
          <TextLine ID="tl_2"
                    TAGREFS="LT194"
                    BASELINE="534 708 1098 696 1382 695 2005 674 2401 671 3389 664 3870 687" 
                    HPOS="524"
                    VPOS="481"
                    WIDTH="3345"
                    HEIGHT="278">
            <Shape><Polygon POINTS="3610 481 3486 481 3449 506 3412 481 3338 481 3289 499 3252 481 2733 481 2665 524 2486 524 2406 481 2320 481 2307 493 2221 481 2098 481 2036 524 1987 481 1875 481 1758 499 1703 481 1604 481 1388 536 1092 536 925 481 857 481 524 536 530 759 820 759 820 752 833 752 882 721 1326 746 1462 703 1709 746 1777 746 2653 697 2863 740 2906 740 2986 691 3178 691 3856 728 3869 684 3863 518 3665 481 3610 481"/></Shape>
	    <String CONTENT="lante à tous les Payſans qui"
                    HPOS="524"
                    VPOS="481"
                    WIDTH="3345"
                    HEIGHT="278"></String>
          </TextLine>
          <TextLine ID="tl_3"
                    TAGREFS="LT194"
                    BASELINE="529 1024 1403 1014 2391 983 2795 985 3531 978 3880 996" 
                    HPOS="518"
                    VPOS="721"
                    WIDTH="3357"
                    HEIGHT="358">
            <Shape><Polygon POINTS="524 1018 524 1036 900 1079 913 1079 1067 1036 1135 1036 1437 1073 1456 1073 1456 1067 1462 1067 1487 1036 1499 1036 1555 1067 1573 1067 1666 1036 1703 1030 1746 1036 1857 1067 1882 1067 1937 1024 1956 1036 1980 1061 1993 1061 1999 1067 2203 1067 2203 1061 2215 1061 2240 1036 2258 1024 2382 1036 2530 1055 2579 1036 2647 1018 2820 1055 2832 1055 2881 1036 2962 1012 3208 1049 3233 1036 3319 1005 3394 1036 3400 1042 3418 1042 3523 1005 3869 1036 3875 993 3869 777 3739 721 3714 721 3640 789 3523 789 3511 783 3313 721 3295 721 3110 777 3054 728 2918 728 2820 802 2048 802 2017 783 1931 740 1598 746 1598 752 1561 783 1530 814 1437 814 1215 777 1203 777 1092 808 1055 783 1024 752 999 752 937 783 857 814 518 783 524 1018"/></Shape>
	    <String CONTENT="veulent s’éleuer au deſſus de"
                    HPOS="518"
                    VPOS="721"
                    WIDTH="3357"
                    HEIGHT="358"></String>
          </TextLine>
          <TextLine ID="tl_4"
                    TAGREFS="LT194"
                    BASELINE="529 1340 977 1325 2497 1303 3265 1287 3873 1300" 
                    HPOS="518"
                    VPOS="1042"
                    WIDTH="3351"
                    HEIGHT="358">
            <Shape><Polygon POINTS="524 1339 524 1376 1363 1400 1376 1400 1456 1376 1524 1351 1814 1351 1851 1376 1863 1388 1888 1388 2054 1345 2085 1376 2098 1382 2098 1388 2110 1388 2116 1394 2277 1394 2277 1388 2394 1376 2678 1339 2826 1376 2881 1382 2999 1332 3233 1332 3313 1376 3863 1369 3869 1295 3856 1073 3147 1104 3085 1073 3042 1042 2758 1049 2758 1055 2733 1073 2696 1116 2523 1116 2431 1073 2382 1055 2363 1055 2215 1123 1974 1123 1851 1061 1499 1061 1499 1067 1487 1073 1431 1129 1252 1129 999 1073 956 1073 876 1135 518 1079 524 1339"/></Shape>
	    <String CONTENT="leur condition, &amp; s’allier cõme"
                    HPOS="518"
                    VPOS="1042"
                    WIDTH="3351"
                    HEIGHT="358"></String>
          </TextLine>
          <TextLine ID="tl_5"
                    TAGREFS="LT194"
                    BASELINE="531 1648 932 1656 1371 1634 1547 1635 2511 1614 3866 1604" 
                    HPOS="524"
                    VPOS="1339"
                    WIDTH="3339"
                    HEIGHT="370">
            <Shape><Polygon POINTS="530 1647 530 1684 907 1709 1166 1666 1215 1678 1326 1696 1419 1659 1493 1690 1518 1690 1561 1653 1795 1696 1993 1666 2085 1647 2344 1690 2437 1653 2480 1641 2912 1641 2931 1647 2968 1672 2986 1672 3159 1641 3258 1629 3597 1672 3863 1629 3850 1339 3684 1339 3535 1406 3319 1406 3245 1351 3227 1351 2986 1406 2635 1357 2604 1357 2530 1419 2338 1419 2240 1363 2209 1363 2128 1419 1869 1431 1752 1431 1690 1376 1690 1369 1413 1369 1406 1376 1314 1431 1246 1382 1246 1376 987 1376 987 1382 981 1382 931 1437 524 1394 530 1647"/></Shape>
	    <String CONTENT="i’ay fait à la maisõ d’vn Gentil¬"
                    HPOS="524"
                    VPOS="1339"
                    WIDTH="3339"
                    HEIGHT="370"></String>
          </TextLine>
          <TextLine ID="tl_6"
                    TAGREFS="LT194"
                    BASELINE="529 1968 1425 1954 1837 1938 2833 1920 3152 1914 3582 1930 3885 1933" 
                    HPOS="518"
                    VPOS="1659"
                    WIDTH="3363"
                    HEIGHT="352">
            <Shape><Polygon POINTS="524 1962 524 1993 1419 2005 1431 2005 1518 1974 1573 2011 1598 2011 1721 1974 1808 2011 1826 2011 1869 1993 1913 1968 2233 1968 2283 1993 2289 1999 2301 1999 2307 2005 2727 2005 2727 1999 2739 1999 2789 1956 2986 1956 3875 1987 3881 1931 3875 1678 3751 1659 3721 1678 3628 1727 3449 1727 3245 1659 3227 1659 3104 1721 2980 1659 2962 1659 2918 1678 2813 1734 2764 1678 2752 1672 2752 1666 2567 1666 2511 1715 2437 1678 2412 1672 2166 1672 2166 1678 2098 1746 1727 1746 1561 1684 1542 1678 1524 1678 1332 1758 987 1764 728 1764 654 1703 518 1690 524 1962"/></Shape>
	    <String CONTENT="homme. La nobleſſe de foy eſt"
                    HPOS="518"
                    VPOS="1659"
                    WIDTH="3363"
                    HEIGHT="352"></String>
          </TextLine>
          <TextLine ID="tl_7"
                    TAGREFS="LT194"
                    BASELINE="535 2292 1663 2258 2870 2235 3886 2204" 
                    HPOS="518"
                    VPOS="1949"
                    WIDTH="3363"
                    HEIGHT="377">
            <Shape><Polygon POINTS="530 2289 530 2326 3875 2246 3881 2202 3869 2017 3443 1949 3424 1949 3344 2024 3184 2036 2869 2036 2783 1968 2764 1968 2542 2005 2314 1980 2209 2024 2116 2054 1993 2017 1968 2017 1968 2024 1962 2024 1937 2061 1764 2061 1635 1999 1511 1999 1511 2005 1462 2054 1382 2024 1320 2005 1295 2005 1277 2024 1215 2073 1129 2030 1116 2030 931 2073 882 2024 876 2024 876 2017 796 2024 647 2054 518 2030 530 2289"/></Shape>
	    <String CONTENT="bõne: c’eſt vne choſe conſide¬"
                    HPOS="518"
                    VPOS="1949"
                    WIDTH="3363"
                    HEIGHT="377"></String>
          </TextLine>
          <TextLine ID="tl_8"
                    TAGREFS="LT194"
                    BASELINE="542 2596 1105 2584 2528 2586 3084 2547 3532 2547 3888 2549" 
                    HPOS="530"
                    VPOS="2301"
                    WIDTH="3357"
                    HEIGHT="327">
            <Shape><Polygon POINTS="536 2591 536 2628 2357 2628 2357 2622 2443 2616 2715 2585 2844 2616 2857 2616 3276 2579 3881 2604 3887 2548 3881 2326 3745 2301 3727 2301 3616 2369 3437 2332 3270 2301 3252 2301 3128 2381 2906 2381 2826 2344 2770 2326 2758 2326 2505 2375 2369 2357 2289 2351 2252 2388 1579 2388 1561 2375 1450 2314 1437 2314 1234 2320 1030 2388 962 2326 962 2320 684 2320 530 2388 536 2591"/></Shape>
	    <String CONTENT="rable aſſurement, mais elle eſt"
                    HPOS="530"
                    VPOS="2301"
                    WIDTH="3357"
                    HEIGHT="327"></String>
          </TextLine>
          <TextLine ID="tl_9"
                    TAGREFS="LT194"
                    BASELINE="540 2912 1738 2888 2050 2878 2590 2872 2910 2862 3882 2862" 
                    HPOS="530"
                    VPOS="2628"
                    WIDTH="3351"
                    HEIGHT="346">
            <Shape><Polygon POINTS="536 2906 536 2949 1400 2974 1419 2974 1462 2931 1746 2900 1974 2924 2128 2894 2190 2918 2233 2931 2246 2931 2597 2887 3245 2912 3387 2887 3443 2881 3461 2887 3523 2918 3535 2918 3881 2875 3875 2678 3764 2628 3745 2628 3579 2684 3455 2653 3443 2653 3147 2690 3005 2653 2980 2653 2931 2690 2684 2641 2672 2641 2579 2684 2289 2659 2116 2702 1950 2653 1709 2690 1598 2653 1579 2653 1456 2702 1332 2659 1308 2659 1308 2665 1265 2702 1012 2678 968 2721 530 2721 536 2906"/></Shape>
	    <String CONTENT="acõpagnée de tant de mauuai¬"
                    HPOS="530"
                    VPOS="2628"
                    WIDTH="3351"
                    HEIGHT="346"></String>
          </TextLine>
          <TextLine ID="tl_10"
                    TAGREFS="LT194"
                    BASELINE="545 3228 836 3224 3000 3180 3348 3175 3902 3180" 
                    HPOS="536"
                    VPOS="2924"
                    WIDTH="3364"
                    HEIGHT="377">
            <Shape><Polygon POINTS="543 3227 543 3252 771 3301 789 3301 789 3295 826 3258 993 3245 1369 3245 1456 3289 1474 3289 1548 3252 1709 3282 1727 3282 1727 3276 1771 3239 1838 3270 1857 3270 1999 3233 2061 3270 2079 3270 2320 3221 2394 3270 2709 3264 2709 3258 2752 3215 2764 3215 2875 3245 2894 3245 2968 3208 3202 3239 3344 3202 3418 3252 3431 3252 3437 3258 3610 3258 3610 3252 3900 3196 3893 2980 3579 2937 3566 2937 3474 2980 3461 2980 3276 2924 3264 2924 3079 2968 3036 2931 2783 2937 2715 2999 2536 2999 2394 2980 2104 2949 1900 3011 1838 2986 1777 2955 1764 2955 1592 2986 1542 2992 1511 2968 1481 2968 1462 2986 1419 3017 1326 2986 1302 2980 1283 2980 1160 3029 876 3029 734 2986 678 2974 666 2974 536 2986 543 3227"/></Shape>
	    <String CONTENT="ſes circonſtances, qu’il eſt tres-"
                    HPOS="536"
                    VPOS="2924"
                    WIDTH="3364"
                    HEIGHT="377"></String>
          </TextLine>
          <TextLine ID="tl_11"
                    TAGREFS="LT194"
                    BASELINE="550 3548 1018 3538 1326 3528 1666 3521 2026 3513 2714 3502 3490 3499 3902 3492" 
                    HPOS="543"
                    VPOS="3245"
                    WIDTH="3357"
                    HEIGHT="346">
            <Shape><Polygon POINTS="549 3542 549 3585 660 3591 678 3591 678 3585 684 3585 715 3554 968 3591 987 3591 1049 3554 1246 3585 1332 3548 1548 3579 1703 3542 1906 3579 2246 3572 2357 3529 2900 3554 3005 3535 3097 3523 3221 3554 3245 3554 3295 3517 3677 3517 3696 3523 3727 3548 3758 3548 3758 3542 3764 3542 3776 3523 3788 3511 3893 3517 3900 3486 3887 3258 3714 3245 3696 3245 3622 3313 3227 3313 2888 3264 2801 3258 2665 3264 2665 3270 2610 3319 2338 3332 1980 3332 1851 3276 1820 3276 1703 3313 1592 3282 1579 3276 1555 3276 1555 3282 1493 3338 1283 3338 1221 3282 1042 3282 1042 3289 975 3350 734 3350 654 3289 543 3289 549 3542"/></Shape>
	    <String CONTENT="bon de ne s&#x27;y point froter. Ie"
                    HPOS="543"
                    VPOS="3245"
                    WIDTH="3357"
                    HEIGHT="346"></String>
          </TextLine>
          <TextLine ID="tl_12"
                    TAGREFS="LT194"
                    BASELINE="556 3860 960 3854 1852 3843 2171 3783 2884 3810 3744 3806 3900 3812" 
                    HPOS="549"
                    VPOS="3542"
                    WIDTH="3344"
                    HEIGHT="370">
            <Shape><Polygon POINTS="555 3856 555 3893 956 3881 1005 3887 1129 3912 1141 3912 1246 3887 1283 3875 1295 3881 1332 3912 1357 3912 1530 3862 1629 3875 1808 3906 2024 3869 2159 3850 2314 3869 2462 3881 2795 3856 2925 3850 3011 3893 3017 3893 3023 3899 3202 3899 3202 3893 3357 3850 3381 3844 3418 3844 3770 3893 3893 3838 3887 3579 3788 3542 3764 3542 3714 3585 3684 3616 3326 3616 3258 3566 3227 3566 3190 3591 3171 3609 3153 3591 3085 3548 3066 3548 2820 3579 2523 3554 2523 3560 2493 3585 2270 3554 2122 3628 2110 3609 2061 3566 2061 3560 1906 3560 1672 3634 1339 3634 1277 3622 1116 3579 1092 3579 1092 3585 1049 3622 1036 3640 728 3640 635 3566 604 3566 549 3609 555 3856"/></Shape>
	    <String CONTENT="ſuis deuenu là-deſſus ſçauant à"
                    HPOS="549"
                    VPOS="3542"
                    WIDTH="3344"
                    HEIGHT="370"></String>
          </TextLine>
          <TextLine ID="tl_13"
                    TAGREFS="LT194"
                    BASELINE="552 4184 994 4170 1951 4196 2222 4149 3178 4133 3414 4129 3901 4080" 
                    HPOS="543"
                    VPOS="3875"
                    WIDTH="3357"
                    HEIGHT="364">
            <Shape><Polygon POINTS="549 4183 549 4202 789 4239 802 4239 950 4196 1005 4183 1215 4183 1258 4227 1258 4233 1277 4233 1487 4196 1530 4227 1555 4227 1684 4196 2005 4220 2067 4189 2190 4214 2209 4214 2283 4165 2554 4196 2573 4196 2573 4189 2610 4159 2616 4165 2696 4189 2709 4189 3332 4146 3406 4146 3622 4196 3900 4134 3900 4078 3887 3943 3603 3875 3461 3881 3394 3930 3332 3881 3208 3881 3073 3949 2943 3906 2918 3906 2918 3912 2869 3955 2678 3955 2647 3930 2647 3924 2628 3924 2258 3961 2067 3899 2042 3899 1962 3967 1295 3912 1086 3918 1086 3924 1024 3980 882 3949 543 3986 549 4183"/></Shape>
	    <String CONTENT="mes dépens, &amp; connois le ſty¬"
                    HPOS="543"
                    VPOS="3875"
                    WIDTH="3357"
                    HEIGHT="364"></String>
          </TextLine>
          <TextLine ID="tl_14"
                    TAGREFS="LT194"
                    BASELINE="556 4492 760 4490 1224 4477 2160 4460 2627 4447 3307 4443 3911 4431" 
                    HPOS="549"
                    VPOS="4171"
                    WIDTH="3357"
                    HEIGHT="370">
            <Shape><Polygon POINTS="555 4486 555 4523 1203 4541 1579 4504 1585 4504 1622 4535 1653 4535 1653 4529 1659 4529 1690 4492 2067 4523 2628 4480 2659 4486 2764 4517 2776 4517 2968 4510 2968 4504 3005 4473 3141 4480 3529 4492 3554 4467 3566 4461 3807 4498 3906 4461 3900 4227 3856 4196 3826 4196 3782 4233 3770 4239 3634 4214 3276 4245 3252 4233 3159 4171 3141 4171 2986 4177 2986 4183 2937 4227 2912 4257 2505 4257 2480 4227 2468 4220 2468 4214 2449 4214 2307 4239 2196 4189 2172 4189 2122 4227 2061 4264 1937 4196 1703 4196 1659 4220 1653 4227 1413 4202 1314 4220 1086 4270 950 4208 925 4208 925 4214 851 4294 728 4294 629 4220 629 4214 549 4214 555 4486"/></Shape>
	    <String CONTENT="le des Nobles lors qu’ils nous"
                    HPOS="549"
                    VPOS="4171"
                    WIDTH="3357"
                    HEIGHT="370"></String>
          </TextLine>
          <TextLine ID="tl_15"
                    TAGREFS="LT194"
                    BASELINE="558 4816 1070 4808 1730 4792 2477 4770 3329 4754 3901 4748" 
                    HPOS="549"
                    VPOS="4517"
                    WIDTH="3351"
                    HEIGHT="351">
            <Shape><Polygon POINTS="555 4813 555 4868 1067 4831 1456 4850 1456 4844 1462 4844 1474 4819 1653 4837 1758 4844 1758 4837 1764 4837 1764 4831 1777 4813 1894 4831 1980 4837 2727 4794 3721 4800 3893 4763 3900 4745 3881 4554 3671 4566 3622 4523 3622 4517 3480 4517 3431 4554 3400 4572 3171 4547 3110 4578 2999 4529 2986 4529 2844 4560 2746 4591 2394 4591 2326 4541 2301 4541 2233 4566 2166 4597 2091 4560 1943 4572 1647 4603 1437 4572 1419 4572 1363 4615 1240 4578 1203 4578 1104 4621 549 4591 555 4813"/></Shape>
	    <String CONTENT="font nous autres entrer dans"
                    HPOS="549"
                    VPOS="4517"
                    WIDTH="3351"
                    HEIGHT="351"></String>
          </TextLine>
          <TextLine ID="tl_16"
                    TAGREFS="LT194"
                    BASELINE="564 5128 1024 5129 1979 5103 3299 5079 3911 5063" 
                    HPOS="555"
                    VPOS="4800"
                    WIDTH="3351"
                    HEIGHT="377">
            <Shape><Polygon POINTS="561 5177 3900 5103 3906 5060 3893 4868 3832 4807 3832 4800 3634 4807 3634 4813 3566 4881 3548 4874 3424 4850 3202 4899 3085 4837 3066 4837 2974 4874 2949 4881 2912 4874 2702 4819 2523 4825 2523 4831 2474 4868 2425 4918 2369 4918 2270 4837 2240 4837 2135 4924 1894 4924 1814 4868 1789 4844 1622 4844 1555 4862 1326 4936 1197 4862 1172 4850 1147 4850 1024 4949 752 4949 660 4868 660 4862 555 4862 561 5177"/></Shape>
	    <String CONTENT="leur famille. L’alliance qu’ils"
                    HPOS="555"
                    VPOS="4800"
                    WIDTH="3351"
                    HEIGHT="377"></String>
          </TextLine>
          <TextLine ID="tl_17"
                    TAGREFS="LT194"
                    BASELINE="573 5448 1074 5448 1469 5431 2233 5423 2829 5400 3357 5394 3908 5340" 
                    HPOS="561"
                    VPOS="5152"
                    WIDTH="3345"
                    HEIGHT="364">
            <Shape><Polygon POINTS="567 5504 1444 5461 1487 5479 1555 5516 1567 5516 1863 5467 1968 5455 2122 5498 2135 5498 2437 5430 2665 5479 2678 5479 2795 5436 2857 5417 3566 5455 3751 5442 3751 5436 3813 5387 3900 5399 3906 5337 3887 5189 2844 5214 2628 5158 2307 5195 2252 5152 2227 5152 2147 5183 2079 5158 2054 5158 2005 5195 1919 5245 1764 5171 1555 5171 1160 5183 1061 5269 814 5269 740 5202 561 5202 567 5504"/></Shape>
	    <String CONTENT="font eſt petite auec nos per¬"
                    HPOS="561"
                    VPOS="5152"
                    WIDTH="3345"
                    HEIGHT="364"></String>
          </TextLine>
          <TextLine ID="tl_18"
                    TAGREFS="LT194"
                    BASELINE="588 5772 1411 5753 2171 5746 2923 5718 3471 5709 3919 5683" 
                    HPOS="573"
                    VPOS="5411"
                    WIDTH="3345"
                    HEIGHT="401">
            <Shape><Polygon POINTS="586 5769 586 5812 3918 5714 3918 5677 3887 5411 3770 5473 3591 5424 3585 5424 3579 5424 3573 5424 3566 5424 3566 5430 3511 5485 3418 5485 3005 5442 2949 5436 2943 5436 2937 5436 2925 5442 2820 5498 2610 5455 2579 5448 2573 5448 2567 5448 2560 5448 2554 5455 2456 5516 2196 5516 2135 5467 2128 5461 2122 5461 2116 5461 1999 5461 1993 5461 1987 5461 1962 5473 1900 5504 1820 5479 1814 5479 1808 5479 1783 5479 1394 5535 1172 5498 1110 5492 1104 5492 573 5516 586 5769"/></Shape>
	    <String CONTENT="ſonnes. C’eſt noſtre bien ſeul"
                    HPOS="573"
                    VPOS="5411"
                    WIDTH="3345"
                    HEIGHT="401"></String>
          </TextLine>
          <TextLine ID="tl_19"
                    TAGREFS="LT194"
                    BASELINE="603 6101 1206 6086 2573 6060 2985 6047 3929 6011" 
                    HPOS="586"
                    VPOS="5732"
                    WIDTH="3338"
                    HEIGHT="426">
            <Shape><Polygon POINTS="598 6096 598 6158 802 6158 900 6109 1018 6146 1030 6146 1246 6102 1579 6139 1635 6139 1635 6133 1641 6133 1672 6096 2147 6121 2215 6121 2283 6090 2338 6115 2357 6121 2369 6121 2560 6115 2560 6109 2567 6109 2610 6072 3918 6072 3924 6010 3912 5745 3758 5732 3739 5751 3684 5794 3517 5782 3443 5812 3202 5775 3066 5757 3048 5757 3011 5788 2918 5843 2832 5794 2807 5794 2807 5800 2746 5856 2406 5862 2277 5806 2264 5806 2147 5831 2079 5775 2061 5775 1758 5831 1592 5788 1184 5837 1123 5800 839 5800 728 5886 586 5899 598 6096"/></Shape>
	    <String CONTENT="qu’ils épouſent, &amp; i’aurois"
                    HPOS="586"
                    VPOS="5732"
                    WIDTH="3338"
                    HEIGHT="426"></String>
          </TextLine>
          <TextLine ID="tl_20"
                    TAGREFS="LT194"
                    BASELINE="587 6420 1092 6425 1871 6399 2403 6403 2931 6374 3527 6351 3935 6336" 
                    HPOS="586"
                    VPOS="6072"
                    WIDTH="3344"
                    HEIGHT="419">
            <Shape><Polygon POINTS="586 6491 814 6454 1141 6491 1178 6491 1234 6448 1388 6473 1499 6436 1653 6479 1672 6479 1758 6442 1974 6467 1993 6467 2054 6423 2351 6491 2363 6491 2523 6411 2585 6448 2616 6448 2665 6411 2875 6448 3153 6399 3258 6448 3282 6448 3319 6417 3424 6448 3449 6448 3511 6399 3579 6454 3924 6448 3930 6331 3918 6109 3758 6072 3733 6072 3733 6078 3696 6115 3690 6127 3498 6127 3276 6072 3252 6072 3190 6127 3134 6084 3116 6084 2943 6115 2696 6090 2567 6158 2357 6158 2209 6102 2190 6102 2122 6133 2091 6127 1919 6109 1919 6115 1900 6133 1863 6177 1659 6177 1332 6127 1320 6127 1209 6164 851 6139 752 6139 752 6146 703 6195 586 6146 586 6491"/></Shape>
	    <String CONTENT="bien mieux fait, tout riche que"
                    HPOS="586"
                    VPOS="6072"
                    WIDTH="3344"
                    HEIGHT="419"></String>
          </TextLine>
        </TextBlock>
      </PrintSpace>
    </Page>
  </Layout>
</alto>
