4109 7879
1051 282 1407 230 COMEDIE.

3392 242 151 342 81

105 525 2991 223 Quelle maiſon? Maiſon de noſtre propre Iuge.

118 643 2557 263 On briſe le ſellier qui nous ſert de refuge.

111 814 3064 249 De vol, de brigandage, on nous declare auteurs.

118 978 3149 262 On nous traiſne. On nous liure à nos accuſateurs.

118 1162 3077 275 A Maiſtre Petit Iean, Meſſieurs. Ie vous atteſte

118 1332 2840 270 Qui ne ſçait que la Loy Si quis Canis, Digeſte

118 1503 2597 263 De vi, Paragrapho, Meſſieurs, Caponibus

118 1674 2511 262 Eſt manifeſtement contraire à cet abus?

118 1844 2847 270 Et quand il ſeroit vray, que Citron ma Partie

111 2015 3031 256 Auroit mangé Meſſieurs, le tout, ou bien partie

118 2192 2978 263 Dudit Chapon. Qu'on mette en compenſation

118 2389 2682 224 Ce que nous auons fait auant cette action.

118 2534 2807 263 Quand ma Partie a-t'elle eſté réprimandée?

111 2718 2669 243 Par qui voſtre maiſon a-t'elle eſté gardée?

118 2895 3129 250 Quand auons-nous manqué d’abboyer au larron?

118 3085 2847 217 Témoin trois Procureurs dont iceluy Citron

118 3263 2676 216 A déchiré la robbe. On en verra les pieces.

111 3433 3123 283 Pour nous juſtifier, voulez-vous d'autres Pieces?

1091 3716 1374 282 PETIT IEAN.

118 3919 1039 302 Maiſtre Adam....

1209 4083 1105 257 L'INTIME'.

900 4346 901 282 Laiſſez-nous.

1124 4589 1334 236 PETIT IEAN.

1544 4793 776 262 L'Intimé...

1268 5062 1092 243 L'INTIME'.

2340 5246 901 256 Laiſſez-nous.

1097 5482 1388 309 PETIT IEAN.

111 5613 539 283 S’enrouë.

1235 5830 1125 289 L'INTIME'.

401 6053 1768 315 Hé laiſſez-nous, Euh. Euh.
