4109 7672
646 255 250 262 80

1465 236 2003 288 LES PLAIDEVRS,

1913 543 1043 249 DANDIN.

620 735 1338 268 Ho, ie te vais juger.

1868 959 1088 281 L'INTIME'.

1523 1157 2221 345 * viſte. Ho, vous eſtes ſi promt.

608 1348 3168 346 Voicy le fait. * Vn Chien vient dans vne cuiſine,

595 1559 2937 237 Il y trouue vn Chapon, lequel a bonne mine.

608 1726 2636 262 Or celuy pour lequel ie parle eſt affamé.

608 1911 2700 230 Celuy contre lequel ie parle autem plumé.

588 2071 2983 256 Et celuy pour lequel ie ſuis, prend en cachette

595 2231 2726 236 Celuy contre lequel ie parle. L’on decrete.

595 2410 2899 249 On le prend. Auocat pour & contre appellé.

588 2570 2823 281 Iour pris. Ie doy parler, ie parle, i'ay parlé,

1894 2781 986 255 DANDIN.

582 3036 3040 275 Ta, ta, ta, ta. Voila bien inſtruire vne affaire.

588 3235 2900 242 Il dit fort poſément ce dont on n'a que faire,

588 3388 2989 256 Et court le grand galop quand il eſt à ſon fait.

1862 3625 1043 236 L’INTIME'.

595 3855 2643 275 Mais le premier, Monſieur, c’eſt le beau.

1894 4110 973 243 DANDIN.

3161 4283 755 288 C'eſt le laid.

588 4424 2765 255 A-t-on iamais plaidé d’vne telle methode?

588 4622 1812 249 Mais qu'en dit l’aſſemblée?

1849 4846 1075 243 LEANDRE.

2272 5108 1299 249 Il eſt fort à la mode.

1190 5357 2323 307 L'INTIME' d'vn ton vehement.

595 5696 3411 256 Qu'arriue-t'il, Meſſieurs? On vient. Cõment vient-on?

601 5894 2989 313 On pourſuit ma Partie. On force vne maiſon.
