4156 7769
836 252 279 214 70

1530 168 2035 265 LES PLAIDEVRS,

862 479 2943 168 Et dans vne pourſuite à vous-meſme funeſte,

855 569 2886 227 Vous en voulez encore abſorber tout le reſte.

872.0 758.0 3284.0 238.0 Ne vaudroit-il pas mieux, ſans soucis, ſans chagrins,

862 919 2554 207 Et de vos reuenus regalant vos voiſins,

862 1074 2781 227 Viure en Pere jaloux du bien de la famille,

862 1243 2904 226 Pour en laiſſer vn jour le fonds à voſtre Fille;

855 1430 2762 220 Que de nourrir vn tas d’Officiers affamez,

855 1586 3236 252 Qui moiſſonnent les champs que vous auez ſemez,

849 1760 3281 279 Dont la main toûjours pleine, & toûjours indigente,

862 1929 3209 239 S’engraiſſe impunément de vos Chapons de rente?

862 2104 3105 233 Le beau plaiſir d’aller tout mourant de ſommeil,

855 2278 2743 233 A la porte d’vn Iuge, attendre ſon reſveil,

855 2434 3080 246 Et d’eſſuyer le vent qui vous ſouffle aux oreilles,

836 2609 3183 259 Tandis que Monſieur dort, & cuue vos bouteilles;

862 2783 2963 227 Ou bien ſi vous entrez, de paſſer tout vn jour

849 2945 3060 246 A conter, en grondant, les carreaux de ſa cour!

855 3120 3145 285 Hé, Monſieur, croyez-moy, quittez cette miſere.

1821 3437 1582 233 CHICANNEAV.

842 3709 3119 253 Vrayment, vous me donnez vn conſeil ſalutaire,

842 3903 2853 221 Et deuant qu'il ſoit peu, ie veux en profiter.

849 4072 2937 207 Mais ie vous prie au moins de bien ſolliciter.

842 4240 3119 246 Puis que Monſieur Dandin va donner audiance,

849 4415 2645 239 Ie vais faire venir ma Fille en diligence.

849 4583 2807 246 On peut l’interroger, elle eſt de bonne foy,

836 4752 3080 278 Et meſme elle ſçaura mieux répondre que moy.

2094 5095 1095 239 LEANDRE.

823 5392 2632 272 Allez, & reuenez, l'on vous fera juſtice.

1744 5677 1705 305 LE SOVFFLEVR.

842 5943 966 323 Quel homme!
