4144 7711
662 314 296 373 76

1389 289 2015 250 LES PLAIDEVRS,

1653 559 1667 218 LE SOVFFLEVR.

1184 738 688 258 Le chien!

1788 963 1390 251 PETIT IEAN.

2052 1208 669 218 Le chien.

1692 1413 1673 283 LE SOVFFLEVR.

2664 1657 649 232 Le butor!

1833 1876 1384 244 PETIT IEAN.

3307 2056 586 289 Le butor.

1647 2191 1692 270 LE SOVFFLEVR.

733 2396 1236 315 Peſte de l'Auocat!

1846 2602 1352 231 PETIT IEAN.

2110 2827 1590 244 Ah peſte de toy-meſme!

752 3026 2722 238 Voyez cet autre auec ſa Face de Careſme.

746 3206 1216 238 Va-t'en au diable.

2046 3335 978 257 DANDIN.

1930 3521 1982 295 Et vous, venez au fait. Vn mot

759 3733 547 289 Du fait.

1891 3900 1352 257 PETIT IEAN.

1338 4125 2471 289 Eh faut-il tant tourner autour du pot?

778 4324 3147 257 Ils me font dire auſſi des mots longs d'vne toiſe,

772 4485 3333 295 De grãds mots qui tiendroient d'icy juſqu’à Pontoiſe

778 4690 3076 238 Pour moy, ie ne ſçay point tant faire de façon,

785 4832 3339 276 Pour dire qu’vn Maſtin vient de prendre vu Chapon.

778 5044 3308 231 Tant y a qu'il n’eſt rien que voſtre Chien ne prenne,

778 5192 3153 263 Qu'il a mangé là-bas vn bon Chapon du Maine;

791 5384 2715 238 Que la premiere fois que ie l'y trouueray,

804 5545 2844 263 Son procez eſt tout fait, & ie l'aſſommeray.

2014 5789 1087 238 LEANDRE.

804 6033 2522 373 Belle concluſion, & digne de l'exorde!
