4109 7643
522 1496 2707 370 AV LECTEVR.

1108 1961 2491 338 VAND ie lûs les Gueſpes

1191 2235 2421 242 d’Ariſtophane, ie ne ſongeois

547 2477 191 242 Q

1191 2426 2427 268 gueres que i’en dûſſe faire les

1197 2617 2427 280 Plaideurs. I’auouë qu’elles me

1204 2840 2414 249 diuertirent beaucoup, & que i’y

159 3057 3472 299 trouuay quantité de plaiſanteries qui me ten¬

165 3254 3466 293 terent d’en faire part au public: Mais c’eſtoit

165 3458 3466 255 en les mettant dans la bouche des Italiens, à

178 3655 3453 312 qui ie les auois deſtinées, comme vne choſe

178 3878 3453 312 qui leur appartenoit de plain droit. Le Iuge

178 4095 3472 280 qui ſaute par les feneſtres, le Chien criminel,

191 4292 3465 268 & les larmes de ſa famille, me ſembloient

191 4503 3465 280 autant d’incidens dignes de la grauité de Sca¬

197 4719 3459 268 ramouche. Le départ de cet Acteur inter¬

203 4936 3453 261 rompit mon deſſein, & fit naiſtre l’enuie à

210 5127 3453 312 quelques-vns de mes amis, de voir ſur noſtre

210 5350 3453 235 Theatre quelque échantillon d’Ariſtophane.

222 5566 3441 236 Ie ne me rendis pas à la première propoſition

222 5757 3453 287 qu’ils m’en firent. Ie leur dis que quelque

229 5987 3434 312 eſprit que ie trouvaſſe dans cet Autheur, mon

2847 6216 344 306 ã ij
