4109 7682
551 294 205 307 82

1237 281 1974 250 LES PLAIDEVRS,

1794 640 956 121 DANDIN.

2897 684 923 276 Repoſez-vous.

551 870 820 275 Et concluez.

1250 1024 2083 301 L’INTIME' d'vn ton peſant.

1076 1363 2802 275 Puis donc, qu’on nous, permet, de prendre,

538 1536 3391 243 Haleine, & que l'on nous, defend, de nous, eſtendre,

538 1722 3090 268 Ie vais, ſans rien obmettre, & ſans préuariquer,

544 1914 2667 204 Compendieuſement énoncer, expliquer,

538 2054 2468 212 Expoſer, à vos yeux, l’idée vniuerſelle

538 2221 2994 269 De ma cauſe, & des faits, renfermez, en icelle.

1846 2464 955 231 DANDIN.

551 2663 2788 268 Il auroit plûtoſt fait de dire tout vingt fois,

557 2874 3334 243 Que de l'abbreger vne. Homme, ou qui que tu ſois,

551 3047 3237 269 Diable, conclus, ou bien que le Ciel te confonde.

1814 3284 1077 236 L'INTIME'.

564 3399 525 288 Ie finis.

1865 3597 993 244 DANDIN.

1192 3764 243 288 Ah!

1794 3943 1077 237 L'INTIME'.

1589 4180 2096 230 Auant la naiſſance du Monde....

1538 4423 1628 243 DANDIN baaillant.

583 4647 2000 243 Auocat, ah paſſons au Déluge.

1833 4910 1083 211 L'INTIME'.

2852 5044 814 262 Auant donc,

596 5210 2564 250 La naiſſance du Monde, & ſa création.

602 5415 2968 212 Le Monde, l'Vniuers, Tout, la Nature entiere

615 5582 2526 217 Eſtoit enſeuelie au fonds de la matiere,

608 5748 2840 243 Les elemens, le feu, l'air, & la terre, & l'eau,

615 5895 3115 385 Enfoncez, entaſſez, ne faiſoient qu'vn monceau,
