4109 7769
699 213 195 240 74

1399 174 2061 285 LES PLAIDEVRS,

686 414 1699 226 Quand ie voy le Iapon....

1944 602 1076 226 L’INTIME'.

2307 822 1633 298 Quand aura-t’il tout veû?

1853 1074 1348 259 PETIT IEAN.

706 1294 2910 266 Oh pourquoy celuy-là m’a-t’il interrompu?

706 1508 1387 246 Ie ne diray plus rien,

2041 1637 979 227 DANDIN.

2261 1883 1400 221 Auocat incommode,

699 2039 2638 272 Que ne luy laiſſez-vous finir ſa période?

712 2233 2710 201 Ie ſuois ſang & eau, pour voir ſi du Iapon

719 2382 3014 252 Il viendroit à bon port au fait de ſon Chapon,

719 2557 2988 239 Et vous l'interrompez par vn diſcours friuole.

732 2738 1426 272 Parlez donc, Auocat,

1840 2952 1374 239 PETIT IEAN.

2423 3152 1310 266 I'ay perdu la parole.

2009 3347 1069 259 LEANDRE.

738 3580 2871 265 Acheue, Petit Iean, c’eſt fort bien débutté.

751 3787 3027 252 Mais que font là tes bras pendans à ton coſté?

758 3962 3078 246 Te voila ſur tes pieds droit comme vne Statuë,

751 4143 3254 259 Dégourdy-toy, Courage; Allons, qu’on s’éuertuë.

1296 4357 2463 239 PETIT IEAN remuant les bras.

771 4564 2339 272 Quand... ie voy... Quand... ie voy...

2028 4803 1082 253 LEANDRE.

2605 5017 1478 304 Dy donc ce que tu vois.

1885 5263 1349 240 PETIT IEAN.

810 5464 3143 323 Oh dame, on ne court pas deux Lievres à la fois.

1704 5723 1692 343 LE SOVFFLEVR.

810 5943 544 304 On lit...
