4077 7930
939 178 1437 231 COMEDIE.

3256 244 185 245 73

2693 6344 192 257 D

430 6377 999 244 * Démocratique

939 449 1364 231 PETIT IEAN.

1681 627 1555 278 Ho, prenez-le plus bas;

33 819 3031 304 Si vous ſoufflez ſi haut, l’on ne m’entendra pas.

13 1070 655 311 Meſſieurs....

1085 1136 1019 278 DANDIN.

549 1400 973 252 Couurez-vous.

946 1605 1350 265 PETIT IEAN.

1118 1823 788 258 Oh! Meſ....

1131 2088 993 231 DANDIN.

1403 2286 1840 258 Couurez-vous, vous dis-je.

906 2497 1410 245 PETIT IEAN.

26 2729 3375 337 Oh, Monſieur, ie ſçay bien à quoy l'honneur m’oblige.

1118 3006 960 265 DANDIN.

26 3185 1297 251 Ne te couure donc pas.

476 3442 2257 225 PETIT IEAN ſe couurant.

1197 3647 2052 265 Meſſieurs.... Vous doucement;

19 3832 3230 265 Ce que ie ſçay le mieux, c’eſt mon commencement.

19 4017 2787 271 Meſſieurs, quand ie regarde auec exactitude,

19 4202 2568 258 L'inconſtance du monde, & ſa viciſſitude;

19 4374 3018 238 Lors que ie voy parmy tant d’Hommes differens,

19 4533 2687 258 Pas-vne Eſtoile fixe, & tant d’Aſtres errans;

13 4698 3230 258 Quand ie voy les Céſars, quand ie voy leur fortune,

13 4870 3024 310 Quand ie voy le Soleil, & quand ie voy la Lune;

1608 5101 847 192 * Babiloniens

13 5180 2568 318 Quand ie voy les Eſtats des * Babiboniens

728 5432 1992 218 * Perſans * Macedoniens

13 5570 2786 291 Transferé des * Serpens, aux * Nacedoniens;

913 5795 2204 211 * Romains *Despotique

0 5934 3137 258 Quand ie voy les* Lorrains de l’Eſtat * Dépotique

0 6106 2984 396 Paſſer au * Démocrite, & puis au Monarchique;
