4156 7809
755 247 235 267 68

1446 286 2071 260 LES PLAIDEVRS,

1797 644 1414 260 PETIT IEAN.

742 982 3231 267 Ie vous entens. Oüy, mais d’vne premiere cauſe,

742 1171 3075 280 Monſieur, a l’Auocat reuient-il quelque choſe?

1934 1464 1127 273 LEANDRE.

729 1809 3199 299 Ah fy. Garde-roy bien d’en vouloir rien toucher.

729 2023 3120 248 C’eſt la cauſe d'honneur, on l'achete bien cher.

729 2186 2625 221 On ſeme des billets par toute la famille;

723 2355 2358 228 Et le petit Garçon, & la petite Fille,

729 2531 3335 267 Oncle, Tante, Couſins, tout vient, juſques au Chat,

723 2700 2866 241 Dormir au Plaidoyé de Monſieur l'Auocat.

2006 3012 1029 287 DANDIN.

710 3338 3439 299 Allons nous préparer. Cà, Meſſieurs, point d’intrigue.

729 3553 3225 253 Fermons l'œil aux préſens, & l'oreille à la brigue.

729 3728 3042 248 Vous, Maiſtre Petit Iean, ſerez le demandeur.

723 3897 2937 287 Vous, Maiſtre l'intimé, ſoyez le défendeur.

1667 4223 1772 332 Fin du Second Acte.
