4109 7682
538 294 295 269 84

1211 281 2013 250 LES PLAIDEURS,

532 569 2807 147 De Monde, de cahos, i’ay la teſte troublée.

532 665 891 231 Hé concluez.

884 851 2846 288 L'INTIME' luy préſentant de petits Chiens.

1608 1094 1571 256 Venez, famille deſolée.

525 1267 3359 288 Venez, pauures enfans, qu'on veut rendre orphelins,

519 1465 2673 212 Venez faire parler vos ſoûpirs enfantins.

525 1613 2942 230 Oüy, Meſſieurs, vous voyez icy noſtre miſere.

525 1798 3301 237 Nous ſommes orphelins. Rendez-nous noſtre Pere,

532 1971 2846 237 Noſtre Pere par qui nous fuſmes engendrez,

532 2138 1615 249 Noſtre Pere qui nous....

1801 2330 987 256 DANDIN.

2262 2560 1199 307 Tirez, tirez, tirez,

1737 2823 1064 249 L'INTIME'.

525 3015 1692 288 Noſtre Pere, Meſſieurs....

1807 3303 962 224 DANDIN.

1788 3482 1885 275 Tirez donc. Quels vacarmes!

512 3661 1340 333 Ils ont piſſé par tout.

1762 3885 1064 282 LEANDRE.

1852 4097 2000 345 Monſieur, ce ſont leurs larmes.

1801 4359 974 243 DANDIN.

512 4589 2712 250 Ouf. Ie me ſens déja pris de compaſſion.

512 4794 2879 212 Ce que c'eſt qu'à propos toucher la paſſion!

506 4954 2769 212 Ie ſuis bien empeſché. La verité me preſſe.

506 5114 2929 224 Le crime eſt aueré, luy-meſme il le confeſſe.

512 5294 2885 230 Mais s'il eſt condamné, l’embarras eſt égal,

512 5460 2725 205 Voila bien des enfans reduits à l’Hoſpital.

519 5627 2942 364 Mais ie ſuis occupé, ie ne veux voir perſonne.
