4109 7691
1378 314 1961 198 AV LECTEVR.

621 531 3436 244 inclination ne me porteroit pas à le prendre

621 692 3430 295 pour modele, ſi i’auois à faire vne Comédie;

621 910 3436 262 & que la regularité de Menandre & de Te¬

615 1108 3442 276 rence me ſembloit bien plus glorieuſe, & meſ¬

615 1313 3436 282 me plus agreable à imiter, que la liberté de

615 1531 3436 257 Plaute & d’Ariſtophane. On me répondit que

602 1749 3442 250 ce n’eſtoit pas vne Comedie qu’on me deman¬

602 1941 3442 263 doit, & qu’on vouloit ſeulement voir ſi les

602 2159 3455 276 bons mots d’Ariſtophane auroient quelque

589 2364 3455 289 grace dans noſtre langue. Ainſi moitié en

589 2614 3462 244 m’encourageant, moitié en mettant eux-meſ¬

589 2787 3455 238 mes la main à l’œuure, mes amis me firent

583 2999 3468 276 commencer vne Piece qui ne tarda guere

583 3198 1179 250 à eſtre acheuée.

782 3403 3262 250 Cependant la pluſpart du monde ne ſe ſou¬

576 3614 3475 308 cie point de l’intention, ny de la diligence des

564 3839 3487 250 Autheurs. On examina d’abord mon amuſe¬

564 4050 3493 256 ment, comme on auroit fait vne Tragedie.

570 4242 3468 302 Ceux meſmes qui s’y eſtoient le plus diuertis,

557 4486 3494 269 eurent peur de n’auoir pas ry dans les regles,

570 4691 3474 231 & trouuerent mauuais que ie n’euſſe pas ſongé

544 4883 3481 295 plus ſerieuſement à les faire rire. Quelques

551 5108 3493 262 autres s’imaginerent qu’il eſtoit bienſeant à

551 5306 3493 295 eux de s’y ennuyer, & que les matieres de

551 5511 3487 308 Palais ne pouuoient pas eſtre vn ſujet de di¬

551 5742 3487 263 uertiſſement pour des gens de Cour. La Piece

551 5941 3468 372 fut bien-toſt apres joüée à Verſailles. On ne
