4066 7819
951 267 1401 267 COMEDIE.

3244 332 222 247 63

423 1270 2528 352 SCENE XII.

195 1583 3069 365 LA COMTESSE, LEANDRE,

847 1896 1642 267 LA COMTESSE.

306 2124 2495 306 Iſerable! il s’en va luy préuenir l'eſprit.

45 2156 280 430 M

768 2339 1036 202 Par le ſoupirail.

58 2502 3095 247 Monſieur, ne croyez rien de tout ce qu’il vous dit.

52 2691 2697 228 Il n’a point de témoins. C’eſt vn menteur.

1120 2932 1121 241 LEANDRE.

2567 3049 658 293 Madame,

58 3251 3408 293 Que leur contez-vous là? Peut-eſtre ils rendent l'ame.

840 3512 1675 234 LA COMTESSE.

58 3759 2750 274 Il luy fera, Monſieur, croire ce qu’il voudra.

58 3942 1186 234 Souffrez que i’entre.

1146 4176 1095 248 LEANDRE.

1225 4411 1902 254 Oh non, perſonne n’entrera.

918 4645 1623 254 LA COMTESSE.

58 4886 2822 235 Ie le voy bien, Monſieur, le vin muſcat opere

58 5088 2769 235 Auſſi bien ſur le Fils que ſur l’eſprit du Pere.

65 5245 2678 254 Patience, Ie vais proteſter comme il faut,

71 5427 2913 274 Contre Monſieur le Iuge, & contre le cartaut.

1166 5662 1088 254 LEANDRE.

65 5883 2802 307 Allez donc, & ceſſez de nous rompre la teſte.

65 6092 2645 313 Que de fous! Ie ne fus iamais à telle feſte.
