4109 7701
693 320 295 231 78

1431 314 2029 244 LES PLAIDEURS,

2028 628 970 180 DANDIN.

1450 776 2415 314 Serez-vous long, Auocat? dites-moy.

1964 1026 1085 296 L’INTIME'.

731 1264 1362 282 Ie ne répons de rien.

2003 1450 988 308 DANDIN.

2362 1745 1239 321 Il eſt de bonne foy.

1059 1983 2825 301 L'INTIME’ d'vn ton finiſſant en faucet.

725 2214 3217 340 Meſſieurs. Tout ce qui peut étonner vn coupable,

725 2419 3095 289 Tout ce que les mortels ont de plus redoutable,

712 2573 3069 282 Semble s’eſtre aſſemblé contre nous par hazar,

719 2753 2754 269 Ie veux dire la brigue, & l’éloquence. Car

719 2926 2946 269 D'vn coſté le credit du deffunt m’épouuante,

719 3093 2677 231 Et de l'autre coſté l'éloquence éclatante

725 3260 2215 250 De Maiſtre Petit Iean m’ébloüit.

2035 3491 950 243 DANDIN.

3120 3690 526 256 Auocat,

744 3824 2941 289 De voſtre ton vous-meſme adouciſſez l'éclat.

1547 4081 2253 250 L’INTIME’. * du beau ton.

757 4306 3197 282 Ouy-da, i’en ay pluſieurs. * Mais quelque défiance

751 4505 2934 256 Que nous doiue donner la ſuſdite éloquence,

744 4671 3011 264 Et le ſuſdit crédit: Ce neaumoins, Meſſieurs,

738 4838 2940 244 L’ancre de vos bontez nous raſſure d'allieurs.

744 5012 3133 276 Deuant le grand Dandin l’innocence eſt hardie;

768.0 5219.0 2814.0 204.0 Oüy deuant ce Caton de baſſe Normandie,

757 5352 2703 250 Ce Soleil d’équité qui n’eſt iamais terni,

751 5512 2728 250 Victrix cauſa dijs placuit, ſed victa Cantoni.

2112 5769 969 237 DANDIN.

783 5923 1701 334 Vrayment, il plaide bien.
