4054 7643
713 242 1957 286 AV LECTEVR.

0.0 489.0 3465.0 301.0 fit point de ſcrupule de s’y réjoüir; & ceux qui

0.0 689.0 3471.0 269.0 auoient crû ſe deſ-honnorer de rire à Paris,

3.0 897.0 3487.0 297.0 furent peut-eſtre obligez de rire à Verſailles,

19 1108 1600 331 pour ſe faire honneur.

197 1273 3276 319 Ils auroient tort à la verité, s’ils me repro¬

0.0 1529.0 3478.0 265.0 choient d’auoir fatigué leurs oreilles de trop

0.0 1741.0 3484.0 257.0 de chicane, c'eſt vne langue qui m’eſt plus

1.0 1949.0 3507.0 289.0 étrangere qu’à perſonne; & ie n’en ay em¬

0.0 2161.0 3486.0 293.0 ployé que quelques mots barbares, que ie puis

0.0 2377.0 3501.0 253.0 auoir retenus dans le cours d’vn procez, que

9.0 2581.0 3503.0 281.0 ny moy, ny mes Iuges, n’ont iamais bien en¬

31 2802 485 242 tendu.

203 2961 3302 306 Si i’apprehende quelque choſe, c’eſt que

6 3197 3499 280 des perſonnes vn peu ſerieuſes ne traittent de

4.0 3420.0 3538.0 262.0 badineries le procez du Chien, & les extraua¬

12 3598 3500 350 gances du Iuge: Mais enfin ie traduis Ariſto¬

12 3783 3506 356 phane, & l’on doit ſe ſouuenir qu’il auoit

12 4006 3493 312 affaire à des Spectateurs aſſez difficiles. Les

19 4273 3512 210 Atheniens ſçauoient apparemment, ce que

25 4452 3499 248 c’eſtoit que le Sel Attique, & ils eſtoient bien

25 4636 3506 331 ſeurs quand ils auoient ry d’vne choſe, qu’ils

25 4866 2269 242 n’auoient pas ry d’vne ſottiſe.

235 5069 3296 261 Pour moy ie trouue qu’Ariſtophane a eü

50 5273 3487 287 raiſon, de pouſſer les choſes au delà du vray-

31 5490 3493 280 ſemblable. Les Iuges de l’Aréopage n’au¬

25 5706 3493 255 roient pas peut-eſtre trouué bon, qu’il euſt

44 5904 3455 350 marqué au naturel leur auidité de gagner, les
