4132 7691
1501 314 2002 224 AV LECTEVR.

744 493 3362 340 bons tours de leurs Secretaires, & les forfan¬

731 685 3368 321 teries de leurs Aduocats. Il eſtoit à propos

731 916 3368 276 d’outrer vn peu les Perſonnages pour les em¬

731 1121 3368 269 peſcher de ſe reconnoiſtre. Le Public ne laiſ¬

718 1320 3381 314 ſoit pas de diſcerner le vray au trauers du ri¬

725 1531 3374 295 dicule; & ie m'aſſure qu’il vaut mieux auoir

725 1743 3374 282 occupé l’impertinente eloquence de deux

731 1935 3368 295 Orateurs autour d’vn Chien accuſé, que ſi l’on

729.0 2164.0 3403.0 238.0 auoit mis ſur la ſellette vn veritable criminel,

737 2364 3369 276 & qu’on euſt intereſſé les Spectateurs à la vie

718 2570 1110 237 d’vn Homme.

872 2775 3227 294 Quoy qu’il en ſoit, ie puis dire que noſtre

730.0 3032.0 3402.0 246.0 Siecle n’a pas eſté de plus mauuaiſe humeur

718 3230 3388 243 que le ſien, & que ſi le but de ma Comedie

712 3416 3394 256 eſtoit de faire rire, iamais Comedie n’a mieux

705 3627 3407 263 attrapé ſon but. Ce n’eſt pas que i’attends

699 3832 3400 295 vn grand honneur d’auoir aſſez long-temps

699 4031 3400 314 réjoüy le monde. Mais ie me ſçay quelque

699 4262 3400 256 gré de l’auoir fait, ſans qu’il m’en ait couſté

692 4447 3407 302 vn ſeul de ces ſales équiuoques, & de ces mal¬

699 4653 3407 314 honneſtes plaiſanteries, qui couſtent mainte¬

701.0 4876.0 3431.0 298.0 nant ſi peu à la pluſpart de nos Ecriuains ; &

707.0 5124.0 3425.0 242.0 qui font retomber le Theatre dans la turpi¬

699 5300 3407 416 tude, d’où quelques Autheurs plus modeſtes

692 5499 1072 282 l’auoient tiré.
