1024 1483
168.0 64.0 13.0 47.0 8

397.0 66.0 255.0 37.0 SATIRES.

162.0 98.0 624.0 50.0 Qu’un Poëte, dit-il, s'y voit maudit de Dieu,

159.0 137.0 575.0 44.0 Et qu’ici la Vertu n'a plus ni feu ni lieu;

162.0 173.0 728.0 51.0 Allons du moins chercher quelque antre ou quelque roche,

162.0 212.0 686.0 51.0 D’où jamais ni l'Huiſſier, ni le Sergent n’approche,

160.0 253.0 631.0 46.0 Et ſans laſſer le Ciel par des vœux impuiſſans,

160.0 292.0 588.0 41.0 Mettons-nous à l'abri des injures du temps:

165.0 329.0 599.0 42.0 Tandis que Iibre encor, malgré les deſtinées,

160.0 365.0 703.0 52.0 Mon corps n’eſt point courbé ſous le faix des années:

164.0 406.0 668.0 47.0 Qu'on ne voit point mes pas ſous l’Âge chanceler,

160.0 443.0 619.0 50.0 Et qu’il reſte à la Parque encore dequoy filer.

163.0 481.0 696.0 44.0 C'eſt là, dans mon malheur le ſeul conſeil à ſuiure:

166.0 522.0 700.0 51.0 Que George vive ici, puiſque George y ſçait vivre,

166.0 561.0 616.0 45.0 Qu’un milion comptant par ſes fourbes acquis,

162.0 599.0 669.0 46.0 De clerc jadis Laquais a fait Comte & Marquis.

168.0 636.0 575.0 54.0 Que Jaquin vive ici, dont l'adreſſe funeſte

165.0 677.0 654.0 49.0 A plus cauſé de maux que la guerre & la peste:

166.0 715.0 520.0 47.0 Qui de ſes revenus écrits par alphabet,

164.0 752.0 564.0 45.0 Peut fournir aiſément un Calepin complet.

169.0 790.0 667.0 49.0 Qu’il regne dans ces lieux, il a droit de s’y plaire.

162.0 828.0 732.0 49.0 Mais moi, vivre à Paris! Eh, qu’y voudrois-je faire?

166.0 868.0 613.0 45.0 Je ne ſçai ni tromper, ni ſeindre, ni mentir,

163.0 908.0 609.0 42.0 Et quand je le pourrois, je n'y puis conſentir.

168.0 945.0 591.0 51.0 Je ne ſçai point en lâche eſſuyer les outrages

165.0 984.0 695.0 49.0 D’un Faquin orgueilleux qui vous tient à ſes gages:

163.0 1024.0 633.0 40.0 De mes Sonnets flateurs laſſer tout l'Univers,

164.0 1062.0 674.0 40.0 Et vendre au plus oſſrant mon encens & mes vers.

168.0 1101.0 642.0 44.0 Pour un ſi bas emploi ma Muſe est trop altiere.

173.0 1138.0 624.0 49.0 Je ſuis rustique & fier, & j’ay l’ame groſſiere.

171.0 1177.0 640.0 46.0 Je ne puis rien nommer, ſi ce n’eſt par ſon nom:

174.0 1214.0 639.0 52.0 J'appelle un chat un chat, & Rôlet un frippon.

853.0 1255.0 47.0 46.0 De
