1024 1483
844.0 64.0 21.0 38.0 7

280.0 207.0 437.0 67.0 SATIRE I

304.0 294.0 564.0 45.0 A MON ce grand Auteur dont la Muſe

337.0 332.0 108.0 46.0 fertile,

298.0 370.0 568.0 50.0 Amuſa ſi long temps, & la cour & la

333.0 407.0 89.0 41.0 Ville:

299.0 446.0 564.0 47.0 Mais qui n’estant veſtu que de ſimple bu¬

332.0 498.0 82.0 33.0 reau,

124.0 522.0 665.0 50.0 Paſſe l'Esté ſans linge, & l'Hyver ſans manteau:

128.0 562.0 584.0 48.0 Et de qui le corps ſec, & la mine affamée,

127.0 608.0 697.0 35.0 N'en ſont pa mieux reſaits pour tant de renommée;

121.0 637.0 675.0 50.0 Las de perdre en rimant & ſa peine & ſon bien,

122.0 678.0 673.0 46.0 D’emprunter en tous lieux, & de ne gagner rien,

121.0 713.0 708.0 49.0 Sans habits, ſans argent, ne ſçachant plus que faire,

118.0 748.0 533.0 49.0 S'en eſt enfui chargé de ſa ſeule miſere,

116.0 788.0 703.0 49.0 Et bien loin des Sergens, des Cleres, & du palais,

116.0 828.0 607.0 46.0 Va chercher un repos qu’il ne trouva jamais:

115.0 865.0 534.0 47.0 Sans attendre qu’ici, la Juſtice ennemie

116.0 900.0 562.0 47.0 L’enſerme en un cachot le reſte de ſa vie;

116.0 940.0 598.0 43.0 Ou que d’un bonnet verd le ſalutaire affront

116.0 977.0 613.0 49.0 Flétriſſe les lauriers qui luy couvrent le front.

149.0 1013.0 680.0 54.0 Mais le jour qu’il partit plus defait & plus blême,

117.0 1052.0 625.0 51.0 Que n’eſt un Penitent ſur la fin d’un Careſme,

116.0 1090.0 627.0 49.0 La colere dans l’ame, & Ie ſeu dans les yeux,

115.0 1128.0 509.0 49.0 Il diſtila ſa rage en ces triſtes adieux.

147.0 1166.0 625.0 52.0 Puiſqu'en ce lieu jadis aux Muſes ſi commode,

115.0 1204.0 603.0 57.0 Le merite & l’eſprit ne ſont plus à la mode,
