1024 1483
406.0 49.0 287.0 43.0 PREFACE.

189.0 100.0 724.0 40.0 que de débroüiller le premier un Auteur, & j'avouë d'ail¬

187.0 137.0 724.0 49.0 leurs que ſon Ouvrage m’a beaucoup ſervi, auſſi-bien

190.0 182.0 720.0 40.0 que les petites Notes de Langhaine & de Monſieur le

186.0 213.0 725.0 47.0 Febvre. Mais je ſuis bien aiſe d’excuſer par les fautes de

184.0 253.0 726.0 41.0 la traduction Latine celles qui pourront m’eſtre échapées

181.0 290.0 727.0 47.0 dans la Françoiſe. J’ai pourtant fait tous mes efforts

186.0 329.0 724.0 46.0 pour la rendre auſſi exacte qu’elle pouvoit l’eſtre. A dire

184.0 367.0 722.0 47.0 vrai je n’y ay pas trouvé de petites difficultés. Il eſt aiſé

181.0 405.0 724.0 44.0 à un Traducteur Latin de ſe tirer d’affaire aux endroits

183.0 442.0 722.0 42.0 meſme qu'il n'entend pas. Il n’a qu’à traduire le Grec mot

181.0 481.0 724.0 49.0 pour mot, & à debiter des paroles qu'on peut au moins

178.0 520.0 727.0 49.0 ſoupçonner d'eſtre intelligibles. En effet le Lecteur qui bien

178.0 558.0 724.0 48.0 ſouvent n’y conçoit rien, s’en prend plûtoſt à ſoi-meſme

181.0 598.0 721.0 47.0 qu'à l’ignorance du Traducteur. Il n’en eſt pas ainſi des

178.0 636.0 722.0 44.0 tradutions en Langue vulgaire. Tout ce que le Lecteur

178.0 671.0 722.0 48.0 n'entend point s’appelle un galimathias dont le Traducteur

179.0 713.0 720.0 42.0 tout ſeul eſt reſponſable. On lui impute juſqu’aux fautes

175.0 752.0 724.0 40.0 de ſon Auteur, & il ſaut en bien des endroits qu’il les rec¬

175.0 789.0 724.0 47.0 tifie, ſans neanmoins qu’il oſe s’en écarter. Quelque pe¬

175.0 826.0 722.0 47.0 tit donc que ſoit le volume de Longin, Je ne croiroit pas

174.0 863.0 722.0 44.0 avoir fait un mediocre preſent au Public ſi je lui en auois

175.0 904.0 717.0 46.0 donné une bonne traduction en noſtre Langue. Je n’y ay

175.0 942.0 721.0 47.0 point épargné mes ſoins ni mes peines. Qu'on ne s’atten¬

171.0 981.0 724.0 41.0 de pas pourtant de trouver ici une verſion timide & ſcru¬

175.0 1019.0 721.0 47.0 puleuſe des paroles de Longin. Bien que je me ſois effor¬

174.0 1057.0 720.0 41.0 cé de ne me point écarter en pas un endroit des regles de la

175.0 1096.0 722.0 47.0 veritable traduction; Je me ſuis pourtant donné une

174.0 1133.0 718.0 49.0 honneſte liberté, ſur tout dans les paſſages qu’il rap¬

173.0 1174.0 722.0 47.0 porte. J’ay ſongé qu’il ne s’agiſſoit pas ſimplement

171.0 1212.0 721.0 48.0 ici de traduire Longin: mais de donner au Public un
