1024 1483
174.0 24.0 27.0 45.0 8

296.0 18.0 479.0 48.0 TRAITE' DU SUBLIME.

173.0 70.0 723.0 44.0 dans le diſcours ordinaire. Delà vient qu’on s’eſt raillé

174.0 111.0 723.0 47.0 de Gorgias, pour avoir appellé Xerxés, le Jupiter des

173.0 148.0 722.0 43.0 Perſes, & les Vautours, des Sepulchres animés. On n’a

175.0 185.0 717.0 51.0 pas eſté plus indulgent pour Calliſthene, qui en cer¬

171.0 226.0 716.0 45.0 tains endroits de ſes écrits ne s’éleve pas proprement,

171.0 263.0 720.0 43.0 mais ſe guinde ſi haut qu’on le perd de veuë. De tous

170.0 302.0 721.0 47.0 ceux-là pourtant je n'en voi point de ſi enflé que Cli¬

170.0 342.0 720.0 44.0 tarque. Cet Auteur n’a que du vent & de l’écorce,

166.0 378.0 723.0 47.0 il reſſemble à un homme qui, pour me ſervir des

165.0 417.0 724.0 48.0 termes de Sophocle, ouvre une grande bouche, pour

159.0 453.0 727.0 51.0 ſoufler dans une petite fluſte. Il faut faire le meſme

162.0 494.0 722.0 49.0 jugement d’Amphicrate, d’Hegeſias & de Matris.

162.0 532.0 722.0 50.0 Ceux-ci quelquefois s’imaginant qu’ils ſont épris d’un

162.0 570.0 719.0 46.0 enthouſiaſme & d’une fureur divine, au lieu de tonner,

162.0 610.0 723.0 48.0 comme ils penſent, ne font que niaizer & que badi¬

163.0 652.0 335.0 40.0 ner comme des enfans..

195.0 688.0 691.0 42.0 Et certainement en matiere d’éloquence il n'y a

153.0 726.0 728.0 43.0 rien de plus difficile à eviter que l'Enflûre. Car com¬

153.0 767.0 730.0 38.0 me en toutes choſes naturellement nous cherchons

150.0 803.0 730.0 47.0 le Grand, & que nous craignons ſur tout d’eſtre ac¬

150.0 840.0 730.0 43.0 cuſez de ſechereſſe ou de peu de force; il arrive, je

149.0 881.0 730.0 44.0 ne ſçai comment, que la pluſpart tombent dans ce

152.0 920.0 566.0 42.0 vice: fondés ſur cette maxime commune;

205.0 960.0 569.0 38.0 Dans un noble projet on tombe noblement.

145.0 994.0 730.0 45.0 Cependant il eſt certain que l'Enflûre n’eſt pas moins

149.0 1035.0 726.0 42.0 vicieuſe dans le Diſcours que dans les corps. Elle n'a

149.0 1073.0 725.0 44.0 que de faux dehors & une apparence trompeuſe: mais

148.0 1109.0 726.0 47.0 au dedans elle eſt creuſe & vuide, & fait quelquefois

145.0 1151.0 729.0 42.0 un effet tout contraire au Grand. Car comme on dit

142.0 1188.0 721.0 55.0 fort bien, il n'y a rien de plus ſec qu’un Hydropique.

823.0 1235.0 48.0 35.0 Au
