1024 1483
336.0 75.0 286.0 43.0 PREFACE.

123.0 126.0 715.0 45.0 Traité du Sublime, qui pu

123.0 165.0 716.0 46.0 vcanmoins: il ſe trouvera peut-estre des gens qui non

124.0 206.0 714.0 41.0 ſeulement n’approuveront pas ma traduftion: mais qui

121.0 240.0 717.0 49.0 n’épargneront pas meſme l’Original. Je m’attens bien

127.0 281.0 712.0 46.0 qu’il y en aura pluſieurs qui declineront la juriſdiction

121.0 318.0 715.0 47.0 de Longin, qui condamneront ce qu'il approuvie, &

122.0 353.0 716.0 44.0 qui louëront ce qu’il blâme. C’eſt le traitement qu’il

121.0 394.0 712.0 47.0 doit attendre de la pluspart des Juges de noſtre ſiecle.

121.0 431.0 713.0 48.0 Ces hommes accoûtumés aux débauches & aux excés

121.0 472.0 715.0 44.0 des Poëtes modernes, & qui n’admirant que ce qu’ils

119.0 509.0 717.0 47.0 n’entendent point, ne penſent pas qu’un Auteur ſe ſoit

119.0 547.0 718.0 43.0 eſlvé, s’ils ne l’ont entierement perdu de veuë; Ces

119.0 584.0 715.0 49.0 petits eſprits, dis je, ne ſeront pas ſans doute fort frap¬

118.0 624.0 718.0 45.0 pés des hardieſſes judicieuſes des Homeres, des Platons

121.0 659.0 713.0 49.0 & des Demosthenes. Ils chercheront ſouvent le Sublime

117.0 701.0 717.0 40.0 dans le Sublime, & peut-eſtre ſe mocqueront-ils des ex¬

115.0 736.0 716.0 53.0 clamations que Longin fait quelquefois ſur des paßages,

117.0 776.0 716.0 48.0 qui, bien que tres ſublimes, ne laiſſent pas d’estre ſimples

119.0 811.0 715.0 51.0 & naturels, & qui ſaiſiſſent pluſtost l'ame qu’ils n'écla¬

117.0 856.0 717.0 43.0 tent aux yeux. Quelque aßûrance pourtant que ces Meſ¬

117.0 891.0 717.0 42.0 ſieurs aient de la netteté de leurs lumieres: Je les prie de

116.0 929.0 717.0 47.0 conſiderer que ce n'eſt pas ici l'ouvrage d’un Aprenti que

111.0 966.0 723.0 49.0 je leur offre: mais le chef-d’œuvre d’un des plus ſçavans

116.0 1005.0 717.0 46.0 Critiques de l’Antiquité. Que s’ils ne voient pas la

112.0 1044.0 720.0 47.0 beauté de ces paſſages, cela peut auſſitoſt venir de la foi¬

117.0 1082.0 716.0 41.0 bleſſe de leur veuë, que du peu d’éclat dont elles bril¬

111.0 1120.0 721.0 42.0 llent: Au pis aller je leur conſeiſle d’en accuſer la tra¬

115.0 1159.0 717.0 48.0 duction: puis qu’il n’eſt que trop vrai, que je n’ay ni

116.0 1198.0 716.0 39.0 atteint, ni pû atteindre à la perfection de ces excellens

116.0 1234.0 718.0 52.0 Originaux: & je leur declare par avance que, s’il y a
