1024 1483
839 48 34 44 79

279 42 443 38 EPISTRE AU ROI.

149 79 658 48 Je laiſſe aux plus hardis l’honneur de la carriere,

143 117 565 48 Et regarde le champ, aſſis ſur la barriere.

186 156 586 44 Malgré moi touteſois, un mouvement ſecret

147 192 592 50 Vient flater mon esprit qui ſe taiſt à regret.

153 229 678 46 Quoi? dis-je tout chagrin dans ma verve infertile,

147 268 561 44 Des vertus de mon Roi ſpectateur inutite,

147 305 614 48 Faudra-t-il ſur ſa gloire attendre à m'exercer,

149 347 631 43 Que ma tremblante voix commence à ſe glacer?

140 384 584 47 Dans un ſi beau projet, ſi ma Muſe rebelle

144 422 700 46 N’oſe le ſuivre aux champs de l’iſle & de Bruxelle;

143 459 691 46 Sans le chercher aux bords de l'Eſcaut & du Rhin,

142 499 713 47 La Paix l’offre à mes yeux plus calme & plus ſerein.

140 537 730 48 Oüi, GRAND ROI laiſſons-là les Sieges, les batailles:

142 578 702 46 Qu’un autre aille en rimant renverſer des murailles,

137 616 642 42 Et ſouvrent ſur tes pas marchant ſans ton aveu,

136 654 644 50 S'aille couvrir de ſang, de pouſſiere, & de feu.

137 694 601 46 A quoi bon, d’une Muſe au carnage animée,

136 731 518 40 Echauffer ta valeur déjà trop allumée?

138 767 583 49 Joüiſſons à loiſir du fruit de tes bien-faits:

134 808 668 42 Er ne nous laſſons point des douceurs de la Paix.

170 847 625 50 Pourquoi ces Elephans, ces armes, ce bagage,

136 892 654 42 Et ces vaiſſeaux tout prests à quitter le rivage?

132 923 584 49 Diſoit au Roi Pyrrhus, un ſage confident,

133 963 616 42 Conſeiller tres-ſensé d’un Roi tres-imprudent.

137 998 711 47 Je vais, luy dit ce Prince, à Rome où l'on m’appelle.

136 1039 660 46 Quoi faire? L’aſſieger. L’entrepriſe eſt fort belle,

133 1080 606 44 Et digne ſeulement d’Alexandre ou de vous:

133 1118 732 48 Mais quand nous l’aurons priſe, & bien que ferons-nour?

137 1154 561 48 Du reſte des Latins la conqueſte eſt facile.

133 1192 681 46 Sans doute, ils ſont à nous: eſt-ce tout? La Sicile
