1024 1483
377.0 13.0 299.0 45.0 PREFACE.

163.0 65.0 721.0 43.0 tienne. C'eſt la vertu, Aurelian, qui doit tout faire

164.0 106.0 721.0 42.0 dans la guerre. Tu me commandes de me remettre

166.0 144.0 718.0 45.0 entre tes mains: comme ſi tune ſçavois pas que Cleo¬

168.0 184.0 716.0 43.0 patre aima mieux mourir avec le titre de Reine, que

164.0 219.0 721.0 44.0 de vivre dans toute autre dignité. Nous attendons le

162.0 260.0 718.0 42.0 ſecours des Perſes. Les Sarrazins arment pour nous.

162.0 296.0 721.0 43.0 Les Armeniens ſe ſont declarés en noſtre faveur. Une

163.0 336.0 716.0 47.0 troupe de voleurs dans la Syrie a defait ton amée.

165.0 376.0 714.0 45.0 Juge, ce que tu dois attendre, quand toutes ces forces

160.0 414.0 711.0 46.0 ſeront jointes. Tu rabatras de cet orgueil avec lequel,

163.0 453.0 713.0 40.0 comme maiſtre abſolu de toutes choſes, tu m'or¬

162.0 490.0 711.0 46.0 donnes de me rendre. Cette Lettre, ajoûte Vopiſcus,

162.0 530.0 717.0 45.0 donna encore plus de colere que de honte à Aurelian. La

160.0 567.0 716.0 49.0 ville de Palmyre fut priſe peu de jours aprés, & Ze¬

160.0 606.0 718.0 41.0 nobie arreſtée, comme elle s’onſuioit chés les Perſes. Toute

155.0 645.0 723.0 40.0 l'armée demandoit ſa mort. Mais Aurelian ne voulut

160.0 683.0 720.0 46.0 pas deshonorer ſa victoire par la mort d’une ſemme. Il

158.0 722.0 721.0 41.0 reſerva donc Zenobie pour le triomphe, & ſe contenta

155.0 761.0 721.0 44.0 de faire mourir ceux qui l’avoient aſſistée de leurs con¬

150.0 794.0 726.0 50.0 ſeils. Entre ceux là, continuë cet Hiſtorien, le Philoſo¬

155.0 835.0 721.0 48.0 phe Longin fuit extremément regreté. Il avoit eſté appelé

153.0 874.0 718.0 41.0 auprés de cette Princeſſe pour lui enſeigner le Grec. Au¬

148.0 918.0 723.0 39.0 relian le fit mourir pour avoir eſcrit la Lettre precedente.

152.0 950.0 718.0 47.0 Car bien qu’elle fuſt eſcrite en Langue Syriaque on le ſoup¬

150.0 989.0 719.0 47.0 çonnoit d’en eſtre l’Auteur. L’Hiſtorien Zoſime teſmoi¬

149.0 1028.0 719.0 47.0 gne que ce fut Zenobie elle meſme qui l'en accuſa Zeno¬

148.0 1065.0 720.0 47.0 bie, dit-il, ſe voiant arreſtée rejetta toute ſa faute ſur

140.0 1101.0 728.0 52.0 ſes Miniſtres qui avoient, dit-elle, abuſé de la ſoibleſſe

147.0 1144.0 722.0 43.0 de ſon eſprit. Elle nomma entre autres Longin, celui dont

144.0 1183.0 717.0 50.0 nous avons encore pluſieurs eſcrits ſi utiles. Aurelian or¬
