1024 1483
196.0 56.0 29.0 26.0 10

426.0 46.0 255.0 39.0 SATIRES.

189.0 96.0 539.0 38.0 Et reparant du ſort l'aveuglement fatal,

181.0 127.0 551.0 43.0 Va tirer deſormais Phebus de l'Hospital.

183.0 166.0 586.0 49.0 On doit tout eſperer d’un Monarque ſi juste.

179.0 205.0 663.0 49.0 Mais ſans un Mecenas, à quoi ſert un Auguſte?

180.0 244.0 610.0 43.0 Et ſait comme je ſuis, au ſiecle d’aujourd’hui,

181.0 281.0 575.0 50.0 Qui voudra s’abaiſſer à me ſervir d’appui?

180.0 322.0 610.0 41.0 Et puis, comment percer cette foule effroyable

178.0 359.0 609.0 46.0 De Rimeurs aſſamez dont le nombre l’accable?

180.0 397.0 709.0 50.0 Qui, dés que ſa main s’ouvre y courent les premiers,

175.0 435.0 647.0 43.0 Et raviſſent un bien qu’on devoit aux derniers.

178.0 473.0 692.0 47.0 Comme on voit les Frelons, troupe lâche & sterile.

178.0 510.0 530.0 44.0 Aller piller le miel que l'Abeille distile.

175.0 549.0 588.0 50.0 Ceſſons donc d’aspirer à ce prix tant vanté,

180.0 589.0 510.0 48.0 Qui donne la faveur à l’importunité.

176.0 627.0 694.0 49.0 Saint Amand n’eut du Ciel que ſa veine en partage:

173.0 663.0 660.0 45.0 L’habit, qu’il eut ſur lui, fut ſon ſeul heritage:

176.0 705.0 676.0 41.0 Un lit & deux placets compoſoieut tout ſon bien:

171.0 742.0 736.0 48.0 Ou, pour en mieux parler, Saint Amand n’avoit rien.

174.0 782.0 610.0 39.0 Mais quoi, las de traisner une vie importune

169.0 819.0 611.0 42.0 Il engagea ce rien, pour chercher la Fortune:

170.0 857.0 687.0 46.0 Et tout chargé de vers qu’il devoit mettre au jour,

170.0 895.0 599.0 46.0 Conduit d’un vain espoir il parut à la Cour.

171.0 933.0 552.0 48.0 Qu’arriva-t-il enfin de ſa Muſe abuſée?

171.0 971.0 578.0 43.0 Il en revint couvert de honte & de riſée,

169.0 1009.0 581.0 42.0 Et la fiévre au retour terminant ſon deſtin,

168.0 1047.0 642.0 47.0 Fit par avance en lui ce qu’auroit fait la faim.

170.0 1086.0 554.0 39.0 Un Poëte à la Cour fut jadis à la mode:

164.0 1123.0 695.0 48.0 Mais des Fous aujourd’hui, c’eſt le plus incommode:

166.0 1161.0 621.0 51.0 Et l’esprit le plus beau, l’Auteur le plus poli,

171.0 1202.0 561.0 51.0 N'y parviendra jamais au ſort de l’Angeli.
