1024 1483
204.0 56.0 49.0 37.0 110

364.0 39.0 448.0 49.0 L'ART POETIQUE.

236.0 92.0 540.0 48.0 Un flateur auſſi-toſt cherche à ſe recrier:

197.0 127.0 588.0 53.0 Chaque vers qu’il entend, le fait extazier.

199.0 165.0 687.0 48.0 Tout est charmant, divin, aucun mot ne le bleſſe,

200.0 206.0 576.0 52.0 Il trépigne de joye, il pleure de tendreſſe,

201.0 245.0 579.0 47.0 Il vous comble par tout d’éloges faſtueux.

200.0 285.0 527.0 46.0 La Verité n’a point cét air impetueux.

242.0 321.0 603.0 50.0 Un ſage Ami toûjours rigoureux, inflexible,

196.0 360.0 614.0 45.0 Sur vos fautes jamais ne vous laiſſe paiſble.

196.0 399.0 583.0 53.0 Il ne pardonne point les endroits negligés.

196.0 439.0 631.0 41.0 Il renvoye en leur lieu les vers mal arrangés.

194.0 478.0 592.0 47.0 Il reprime des mots l’ambitieuſe emphaze.

197.0 516.0 674.0 48.0 Ici le ſens le choque, & plus loin c’eſt la phraze.

194.0 556.0 611.0 44.0 Voſtre conſtruction ſemble un peu s’obſcurcir:

194.0 593.0 599.0 43.0 Ce terme eſt équivoque, il le faut éclaircir.

194.0 632.0 588.0 45.0 C'eſt ainſi que vous parle un ami veritable.

223.0 673.0 666.0 45.0 Mais ſouvent ſur ſes vers un Auteur intraitable

195.0 713.0 485.0 47.0 A les proteger tous ſe croit intereſſé,

195.0 750.0 606.0 40.0 Et d’abord prend en main le droit de l’offenſé.

190.0 787.0 608.0 43.0 De ce vers, dirés vous, I'expreſſion eſt baſſe.

194.0 825.0 707.0 48.0 Ah! Monſieur, pour ce vers je vous demande grace,

191.0 866.0 647.0 46.0 Respondra-t-il d’abord. Ce mot me ſemble froid,

195.0 902.0 565.0 45.0 Je le retrencherois. C’eſt le plus bel endroit.

190.0 944.0 662.0 43.0 Ce tour ne me plaiſt pas. Tout le monde l’admire.

192.0 981.0 605.0 41.0 Ainſi toûjours conſtant à ne ſe point dédire;

195.0 1020.0 679.0 48.0 Qu’un mot dans ſon Ouvrage ait paru vous bleſſer,

192.0 1059.0 580.0 47.0 C’eſt un titre chés lui pour ne point l'effacer.

199.0 1097.0 571.0 44.0 Cependant à l’entendre il cherit la critique:

190.0 1136.0 634.0 50.0 Vous avez ſur ſes vers un pouvoir Deſpotique:

190.0 1175.0 723.0 48.0 Mais tout ce beau Diſscours, dont il vient vous ſlater,

192.0 1214.0 673.0 46.0 N'eſt rien qu’un piege adroit pour vous les reciter.
