1024 1483
195 58 42 34 156

413 39 280 43 LE LUTRIN.

197 86 634 53 Ces verus dans Aleth peuvent eſtre en uſage:

199 128 688 52 Mais dans Pourges, plaidons: c’est la noſtre partage.

197 164 562 47 Tes benedictions dans le trouble croiſſant,

201 205 693 52 Tu pourras les reſpandre & par vingt, & par cent:

201 243 660 44 Et pour braver le Chantre en ſon orgueil extreme,

202 279 646 47 Les respandre à ſes yeux & le benir lui-meſme.

241 318 597 53 Ce Diſcours auſſi-tost frappe tous les eſprits:

204 357 602 48 Et le Prélat charmé l'approuve par des cris.

206 392 679 60 Il veut que fur le champ dans la troupe on choiſiſſe

205 435 580 49 Les trois que Dieu deſtine à ce pieux office.

206 473 617 44 Mais chacun pretend part à cet illuſtre emploi.

206 511 579 45 Le ſort, dit le Prélat, vous ſervira de loi.

210 549 616 51 Que l’on tire au billet ceux que l’on doit élire.

206 589 503 44 Il dit, on obeït, on ſe preſſe d’eſcrire.

206 629 550 48 Auſſi-toſt trente noms ſur le papier tracés

207 666 591 43 Sont au fond d’un bonne par billets entaßés.

210 704 576 43 Pour tirer ces billets avec moins d’artifice,

210 743 643 45 Guillaume enfant de chœur prête ſa main novice.

209 783 620 46 Son front nouveau tondu, ſymbole de candeur,

209 821 587 41 Rougit en approchant d’une honneſte pudeur.

210 857 649 46 Cependant le Prélat, I’œil au Ciel, la main nuë,

212 898 645 42 Benit trois ſois les noms, & trois fois les remuë.

210 935 637 45 Il tourne le bonnet. L’Enſant tire: & Brontin

210 973 596 49 Eſt le premier des noms qu’apporte le Deſtin.

211 1014 568 42 Le Prélat en conçoit un favorable augure,

215 1057 675 35 Et ce nom dans la troupe excite un doux murmure.

211 1087 664 46 On ſe taist, & bien-toſt on void paroiſtre au jour

212 1129 627 46 Le nom, le fameux nom de l’Horloger la Tour.

215 1165 493 41 Ce nouvel Adonis à la taille legere,

213 1204 531 54 Eſt l'unique ſouci d’Anne ſon Horlogere.
