1024 1483
180 66 52 34 108

382 55 387 42 L'ART POETIQUE.

179 105 628 45 D’un mot mis en ſa place enſeigna le pouvoir,

181 139 568 51 Et reduiſit la Muſe aux regles du devoir.

183 176 530 53 Par ce ſage Eſcrivain la langue reparée

184 213 614 52 N’offrit plus rien de rude à l'oreille épurée:

184 258 580 48 Les Stances avec grace apprirent à tomber,

186 294 572 45 Et le vers ſur le vers n’oſa plus enjamber.

184 332 577 51 Tout reconnut ſes lois, & ce guide fidele

187 370 630 46 Aux Auteurs de ce temps ſert encor de modele.

189 409 570 44 Marchés donc ſur ſes pas: aimés ſa pureté,

187 448 547 46 Et de ſon tour heureux imités la clarté;

190 485 662 47 Li le ſens de vos vers tarde à ſe faire entendre,

190 525 624 47 Mon esprit auſſi-tost commence à ſe deſtendre,

190 564 617 44 Et de vos mains diſcours promt à ſe deſticher,

190 599 735 51 Ne ſuit point un Auteur qu’il faut toûjours chercher.

231 638 650 49 Il est certains Efprits, dont les ſombres penſées

192 680 595 45 Sont d’un nuage épais toûjours embarraſſées,

191 719 558 47 Le jour de la raiſon ne le ſçauroit percer.

194 757 604 49 Avant donc que d'écrire, apprenés à penſer.

197 798 664 46 Selon que noſtre idée eſt plus, ou moins obſcure,

194 834 665 50 L’expreſſiton la ſuit ou moins nette, ou plus pure:

196 873 593 45 Ce que l'on conçoit bien s’enonce clairement,

194 912 581 45 Et les mots pour le dire arrivent aiſément.

231 951 626 46 Sur tout, qu’en vos Eſcrits la Langue reverée

194 989 712 45 Dans vos plus grands excez vous ſoit toûjours ſacrée:

197 1026 639 44 En vain vous me frappés d’un ſon melodieux;

202 1067 589 41 Si le terme eſt impropre, ou le tour vicieux,

204 1104 657 47 Mon esprit n’admet point un pompeux Barbariſme,

201 1143 613 43 Ni d’un vers empoulé l’orgueilleux Soleciſme.

206 1185 678 37 Sans la Langue en un mot, l'Auteur le plus divin

204 1218 706 56 Eſt toûjours, quoi qu’il faſſe, un méchant Eſcrivain.
