1024 1483
200 66 54 35 106

348 62 445 38 L'ART POETIQUE.

197 108 595 40 On lit peu ces Auteurs nés pour nous ennuier.

202 142 603 50 Qui toûjours ſur un ton ſemblent pſalmodier.

236 180 694 52 Heureux! qui dans ſes vers ſçait d’une voix legere

195 218 666 51 Paßer du grave au doux, du plaiſant au ſevere.

201 260 607 41 Son livre aimé du Ciel & cheri des Lecteurs,

194 294 612 47 Eſt ſouvent chez Barbin entouré d'achepteurs.

230 334 581 47 Quoi que vous eſcriviés, évitez la baſſeſſe.

191 374 601 42 Le ſtile Ie moins noble a pourtant ſa nobleſſe.

194 411 616 48 Au mépris du Bon ſens, le Burleſque effronté

195 454 666 39 Trompa les yeux d’abord, pleut par ſa nouveauté.

190 489 615 43 On ne vid plus en vers que pointes triviales:

189 528 520 50 Le Parnaſſe parla le langage des Hales.

190 568 587 42 La licence à rimer alors n’ent plus de frein:

192 608 495 39 Apollon traveſti devint un Tabarin:

192 646 501 44 Cette contagion infecta les Provinces,

192 688 702 38 Du Clerc & du Bourgeois paßa juſques aux Princes:

190 722 627 46 Le plus mauvais Plaiſant eut ſes approbateurs,

187 760 624 44 Et, juſqu'à Daſſouci, tout trouva des Lecteurs.

189 798 533 42 Mais de ce ſtile enfin la Cour deſabuſée,

190 839 559 44 Dédaigna de ces vers l’extravagance aiſée,

189 874 557 45 Distingua le naïf du plat & du bouffon,

187 913 538 47 Et laiſſa la Province admirer le Typhon.

187 952 585 49 Que ce ſtile jamais ne ſoüille vostre ouvrage.

186 992 494 46 Imitons de Marot l'elegant badinage,

185 1029 686 41 Et laiſſons le Burleſque aux Plaiſans du Pont neuf.

225 1068 633 45 Mais n’allez point auſſi, ſur les pas de Brebeuf,

187 1104 615 50 Meſme en une pharſale, entaſſer ſur les rives,

192 1146 713 42 De morts & de mourans cent montagnes plaintives.

185 1185 652 40 Prenés mieux vostre ton: Soiés ſimple avec art:

184 1221 545 53 Sublime ſans orgueil: agreable ſans fard.

122 1145 64 22 Vers de

115 1160 70 30 Brebeuf.
