1024 1483
204 217 593 67 AU LECTEUR

320 316 533 48 AVOIS medité une aſſez longue

314 363 536 42 Preface, où, ſuivant la coûtume

312 406 541 50 receuë parmi les Eſcrivains de ce

312 448 537 50 temps, j’eſperois rendre un compte

306 488 543 49 fort exact de mes Ouvrages, &

127 528 721 54 juſtifier les Iibertés que j’y ay priſes. Mais depuis

122 573 723 52 j’ay fait reflexion, que ces ſortes d’Avant-pro¬

126 615 719 48 pos ne ſervoient ordinairement qu’à mettre en

121 656 723 45 jour la vanité de l’Auteur, & au lieu d’éxcuſer ſes

118 698 724 43 fautes, ſourniſſoient ſouvent de nouvelles armes

116 736 722 46 contre lui. Dailleurs je ne crois point mes Ou¬

122 781 718 47 vrages aſſés bons pour meriter des eloges, ni

112 821 728 49 aſſés criminels pour avoir beſoin d’apologie. Je

117 865 722 43 ne me loüerai donc ici ni ne me juſtifierai de rien.

113 903 726 46 Le Lecteur ſçaura ſeulement que ie lui donne

116 946 721 43 une edition de mes Satires plus correcte que les

117 986 720 48 précedentes, deux Epiſtres nouvelles, l’Art Poëti¬

115 1028 714 44 que en vers, & quatre Chants du Lutrin. J'y ay

110 1068 722 49 ajoûté auſſi la Traduction du Traité que le Rhe¬

111 1109 722 46 reur Longin a compoſé du Sublime ou du Mer¬

111 1149 721 48 veilleux dans le Diſcours. J’ay fait originaire¬

107 1191 725 60 ment cette Traduction pour m’inſtruire, plûtoſt
