1024 1483
168 63 38 46 12

394 65 277 39 SATIRES.

171 115 561 38 Et ſans aller réver dans le double Vallon,

170 148 512 46 La colere ſuffit, & vaut un Apollon.

169 184 671 44 Mais quoi, dira quelqu’un, vous entrez en furie:

174 227 715 43 A quoi bon ces grands mots? Doucement je vous prie;

171 261 668 47 Ou bien montez en chaire, & là comme un Docteur,

168 301 574 41 Allez de vos ſermons endormir l'Auditeur;

170 339 649 42 C’eſt là que bien ou mal, on a droit de tout dire.

210 376 529 50 Ainſi parle un esprit qu'irrite la Satire,

173 416 581 49 Qui contre ſes defauts croit eſtre en ſeureté,

168 456 587 40 En raillant d’un Cenſeur la triste auſterité:

171 491 724 52 Qui fait l’homme intrepide, & tremblant de foibleſſe,

169 532 665 48 Attend pour croire en Dieu que la fiévre le preſſe;

168 570 553 47 Et riant hors de là du ſentiment commun,

169 609 673 48 Preſche que trois ſont trois, & ne font jamais Un.

165 647 647 51 Car enfin de penſer qu’un Dieu tourne le monde,

164 685 549 49 Et regle les reſſorts de la machine ronde,

166 726 512 45 Ou qu’il eſt une vie au delà du trépas,

168 762 675 49 C’eſt là ce qu’il faut croire, & ce qu’il ne croit pas.

202 800 695 52 Pour moi qui ſuis plus ſimple, & que l’enfer étonne,

169 842 730 44 Qui crois l’ame immortelle, & que c’eſt Dieu qui tonne:

166 881 655 42 Il vaut mieux, pour jamais me bannir de ce lieu.

166 918 529 48 Je me retire donc. Adieu, Paris, Adieu.
