1024 1483
829 65 21 44 3

371 59 254 37 SATIRES.

123 102 625 45 A l'ombre de ton Nom ils trouvent leur azile,

123 140 693 46 Comme on void dans les champs un arbriſſeau debile

128 182 609 47 Qui ſans l’heureux appui qui le tient attaché,

119 218 546 42 Languiroit triſtement ſur la terre couché.

157 257 627 47 Ce n’eſt pas que ma plume injuſte & temeraire,

122 295 596 41 Veüille blâmer en eux le deſſein de Te plaire.

119 333 653 43 Et parmi tant d’Auteurs, je veux bien l'avoüer,

119 370 561 42 Apollon en connoiſt qui Te peuvent loüer.

117 407 732 50 Oui je ſçai, qu’entre ceux qui t’adreſſent leurs veilles,

116 447 603 41 Parmi les Pelletiers on compte des Corneilles;

117 485 652 47 Mais je ne puis ſouffir, qu’un Esprit de travers

123 525 636 48 Qui pour rimer des mots penſe faire des vers,

118 562 537 42 Se donne en Te loüant une geſne inutile.

116 599 686 49 Pour chanter un Auguſte, il faut eſtre un Virgile:

115 638 619 50 Et j’approuve les ſoins du Monarque guerrier,

122 678 617 47 Qui ne pouvoit ſouffrir, qu'un Artiſan groſſier

118 714 565 41 Entreptiſt de tracer d’une main criminelle,

121 751 613 47 Un portrait reſervé pour le pinceau d'Apelle.

153 788 696 48 Moi donc, qui connois peu Phebus & ſes douceurs:

118 828 714 42 Qui ſuis nouveau ſevré ſur le Mont des neuf Sœurs:

116 863 671 47 Attendant que pour Toi l’âge ait meuri ma Muſe,

116 902 621 47 Sur de moindres ſujets je l’exerce & l’amuſe:

118 940 588 47 Et tandis que ton bras des peuples redouté,

115 975 562 47 Va la ſoudre à la main rétablir l’Equité,

115 1015 672 51 Et retient les Méchans par la peur des ſupplices;

117 1052 685 54 Moi, la plume à la main, je gourmande les Vices,

116 1093 612 50 Et gardant pour moi-meſme une juſte rigueur,

118 1129 574 49 Je confie au papier les ſecrets de mon cœur.

115 1170 608 47 Ainſi, dés qu’une fois ma verve ſe réveille:

115 1206 673 53 Comme on void au printemps la diligente Abeille,

686 1248 64 52 A ij
