1024 1483
190 63 46 54 152

410 63 319 43 LE LUTRIN.

228 107 615 52 La Deeſſe, en entrant, qui void la nappe miſe

194 144 581 53 Admire un ſi bel ordre & reconnoiſt l'***

194 187 642 44 Et marchant à grands pas vers le lieu du repos,

195 223 597 46 Au Prelat ſommeillant, elle adreſſe ces mots.

233 263 666 47 Tu dors? Prélat, tu dors? & là-haut à ta place,

190 302 650 44 Le chantre aux yeux du Chœur eſtale ſon audace,

195 339 561 44 Chante les Oremus, ſait des Proceſſions,

196 379 555 41 Et reſpand à grands flots les benedictions.

191 415 727 47 Tu dors ? attens-tu donc, que ſans bulle & ſans titre

192 453 564 49 Il te raviſſe encor le Rochet & la Mitre?

196 491 559 47 Sors de ce fit oyſeux, qui te tient attaché,

191 532 559 42 Et renonce au repos, ou bien à l’Eveſché.

233 569 584 47 Elle dit: & du vent de ſa bouche prophane,

190 609 623 42 Lui ſoufle avec ces mots l'ardeur de la chicane.

192 647 538 48 Le Prelat ſe réveille, & plein d’émotion

192 685 465 42 Lui donne touteſois la benediction.

190 722 670 51 Tel qu'on void un Taureau, qu’une Gueſpe en furie

195 763 623 47 A piqué dans les flancs, aux deſpens de ſa vie:

194 800 509 46 Le ſuperbe Animal agité de tourmens,

192 839 533 49 Exhale ſa douleur en longs mugiſſemens.

196 878 644 48 Tel le fougueux Prelat, que ce ſonge épouvante,

195 919 650 38 Querelle en ſe levuant & Laquais & Servante:

194 954 580 48 Et d’un jaſte courroux rallumant ſa vigueur,

191 992 636 48 Meſme avant le diſner, parle d’aller au Chœur.

191 1029 565 48 Le prudent Gilotiun, ſon Aumoſnier fidele,

190 1070 607 47 En vain par ſes conſeils ſagement le rappelle:

194 1108 554 47 Lui montre le peril: Que midi va ſonner:

196 1144 555 49 Qu'il va faire s’il ſort reſroidir le diſner.

232 1182 575 52 Quelle ſureur, dit-il, quel aueugle caprice,

196 1222 620 55 Quand le diſner eſt preſt, vous appelle à l'Office?

869 1261 47 48 De
