1024 1483
790.0 50.0 46.0 41.0 105

260.0 48.0 436.0 39.0 CHANT PREMIER.

118.0 101.0 483.0 37.0 Evitons ces excez: laiſſons à l'Italie

115.0 130.0 560.0 43.0 De tous ces ſaux brillans l'éclatante folie.

117.0 168.0 689.0 47.0 Tout doit tendre au Bon ſens, mais pour y parvenir

115.0 207.0 547.0 51.0 Le chemin eſt gliſſant & penible à tenir:

115.0 247.0 631.0 47.0 Pour peu qu’on s’en écarte, auſſi-toſit on ſe noye.

113.0 285.0 640.0 42.0 La raiſon pour marcher n’a ſouvent qu'une voye.

152.0 321.0 612.0 50.0 Un Auteur quelquefois trop plein de ſon objet

117.0 359.0 571.0 52.0 Jamais ſans l'épuiſer n’abandonne un ſujet:

113.0 396.0 642.0 48.0 S’il rencontre un Palais, il m’en dépeint la ſace:

115.0 437.0 580.0 47.0 Il me proméne aprés de terraße en terraſſe:

115.0 477.0 572.0 48.0 Ici s’offre un perron, là regne un corridor,

111.0 512.0 575.0 46.0 Là ce balcon s’enſerme en un baluſtre d’or:

115.0 551.0 631.0 52.0 Il compte des plaſonds les ronds & les ovales:

111.0 590.0 708.0 51.0 Ce ne ſont que Feſtons, ce ne ſont qu’Aſtragales:

115.0 631.0 615.0 49.0 Je ſaute vingt feüillets pour en trouver la fin,

111.0 668.0 603.0 48.0 Et je me ſauve à peine au travers du jardin.

111.0 708.0 534.0 44.0 Fuiés de ces Auteurs I’abondance ſterile,

112.0 743.0 605.0 50.0 Et ne vous chargez point d’un détail inutile.

115.0 781.0 644.0 48.0 Tout ce qu’on dit de trop est fade & rebuttant:

113.0 819.0 504.0 54.0 L’esprit raſſazié le rejette à l’inſtant:

117.0 858.0 596.0 54.0 Qui ne ſçait ſe borner, ne ſçut jamais écrire.

149.0 895.0 690.0 49.0 Souvent la peur d’un mal nous conduit dans un pire.

117.0 934.0 668.0 54.0 Un vers eſtoit trop foible, & vous le rendez dur.

119.0 973.0 572.0 56.0 J'évite d’eſtre long, & je deviens obſcur.

115.0 1012.0 727.0 50.0 L’un n’eſt point trop fardé, mais ſa Muſe eſt trop nuë.

116.0 1051.0 652.0 50.0 L’autre a peur de ramper, il ſe perd dans la nuë.

152.0 1091.0 587.0 47.0 Voulés-vous du Public meriter les amours?

115.0 1128.0 552.0 48.0 Sans ceſſe en écrivant vrariés vos diſcours.

118.0 1167.0 537.0 54.0 Un ſtile trop égal & toûjours uniforme,

117.0 1204.0 712.0 57.0 En vain brille à nos yeux, il faut qu’il nous endorme.

844.0 582.0 66.0 33.0 Vers de

842.0 606.0 68.0 34.0 Scuderi.

733.0 1248.0 30.0 43.0 O
