1024 1483
347.0 32.0 304.0 44.0 PREFACE.

136.0 79.0 718.0 48.0 mari Odenat. Elle avoit appellé d'abord Longin auprés

137.0 117.0 718.0 49.0 d'elle pour s’inſtruire dans la Langue Grecque. Mais de ſon

140.0 155.0 714.0 42.0 Maiſtre en Grec, elle en fit à la fin un de ſes principaux

142.0 195.0 711.0 41.0 Miniſtres. Ce fut lui qui encouragea cette Reine à ſoûtenir

138.0 233.0 714.0 41.0 la qualité de Reine de l'Orient, qui lui rehauſſa le cœur

137.0 269.0 715.0 48.0 dans l’adverſité, & qui lui fournit les paroles aſtieres

139.0 308.0 716.0 47.0 qu'elle eſcrivit à Aurelian, quand cet Empereur la ſomma

138.0 347.0 714.0 43.0 de ſe rendre. Il en couſta la vie à noſtre Auteur: Mais

139.0 385.0 714.0 50.0 ſa mort fit également glorieuſe pour lui, & honteuſe

140.0 425.0 713.0 47.0 pour Aurelian, dont on peut dire, qu’elle à pour jamais

138.0 462.0 712.0 47.0 fleſtri la memoire. Comme cette mort eſt un des plus ſa¬

138.0 498.0 716.0 47.0 meux incidens de l'hiſtoire de ce temps-là, Ie Lecteur ne

137.0 536.0 716.0 52.0 ſera peut-eſtre pas ſâché que je lui rapporte ici ce que Fla¬

138.0 577.0 714.0 43.0 vius Vopiſcus en a eſcrit. Cet Auteur raconte que l'armée

137.0 612.0 713.0 46.0 de Zenobie & de ſes Alliés ayant eſté miſe en fuite prés

137.0 653.0 716.0 47.0 de la ville d’Emeſſe; Aurelian alla mettre le ſiege de¬

142.0 690.0 706.0 42.0 vant Palmyre où cette princeſſe s’estoit retirée. Il y

139.0 729.0 703.0 48.0 trouva plus de reſiftance qu’il ne s’eſtoit imaginé, &

140.0 764.0 713.0 46.0 qu’il n’en devoit attendre vrai-ſemblablement de la re¬

137.0 804.0 711.0 51.0 ſolution d’une ſemme. Ennuié de la longueur du ſiege,

138.0 841.0 715.0 51.0 il eſſaya de l’avoir par compoſition. Ii eſcrivit donc une

138.0 878.0 719.0 51.0 Lettre à Zenobie, dans laquelle il lui offroit la vie & un

136.0 918.0 717.0 47.0 lieu de retraite, pourveu qu’elle ſe rendiſt dans un

137.0 955.0 717.0 53.0 certain temps. Zenobie, ajoûte Vopiſcus, reſpondit à

140.0 994.0 714.0 51.0 cette Lettre avec une fierté plus grande que l’eſtat de

138.0 1031.0 716.0 55.0 ſes affaires ne le lui permettoit. Elle croioit par là don¬

142.0 1070.0 611.0 47.0 ner de la terreur à Aurelian. Voici ſa réponſe.

173.0 1112.0 680.0 45.0 ZENOBIE REINE DE L'ORIENT.

140.0 1150.0 709.0 46.0 A L'EMPEREUR AURELIAN.

142.0 1183.0 716.0 56.0 Perſonne juſques ici n’a fait une demande pareille à la

727.0 1223.0 58.0 52.0 * ij
