1024 1483
827.0 63.0 30.0 54.0 15

363.0 70.0 252.0 38.0 SATIRES.

138.0 119.0 598.0 41.0 Ainſi, recommençant un ouvrage vingt fois,

133.0 155.0 569.0 47.0 Si j’écris quatre mots, j’en effaceray trois.

169.0 190.0 622.0 46.0 Maudit ſoit le premier dont la verve inſenſée

131.0 231.0 617.0 44.0 Dans les bornes d’un vers renferma ſa penſée,

133.0 269.0 553.0 42.0 Et donnant à ſes mots une étroite priſon,

134.0 305.0 556.0 41.0 Voulut avec la rime enchaîner la Raiſon.

137.0 344.0 558.0 40.0 Sans ce métier ſatal au repos de ma vie,

131.0 379.0 641.0 46.0 Mes jours pleins de loiſir couleroient ſans envie,

138.0 416.0 607.0 48.0 Je n’aurois qu’à chanter, rire, boire d’autant;

133.0 457.0 717.0 45.0 Et comme un gras Chanoine, à mon aiſe, & content,

131.0 494.0 604.0 46.0 Paſſer tranquillement, ſans ſouci, ſans affaire,

132.0 531.0 632.0 42.0 La nuit à bien dormir, & le jour à rien faire.

128.0 569.0 599.0 43.0 Mon cœur exempt de ſoins, libre de paſſion,

129.0 605.0 530.0 46.0 Sçait donner une borne à ſon ambition,

129.0 646.0 619.0 46.0 Et fuiant des grandeurs la preſence importune,

131.0 689.0 624.0 36.0 Je ne vais point au Louvre adorer la Fortune:

124.0 721.0 567.0 43.0 Et je ſerois heureux, ſi pour me conſumer,

132.0 760.0 558.0 35.0 Un Deſtin envieux ne m’avoit ſait rimer.

164.0 797.0 554.0 39.0 Mais depuis le moment que cette ſreneſie:

124.0 832.0 584.0 46.0 De ſes noires vapeurs troubla ma fantaiſie,

126.0 871.0 613.0 44.0 Et qu’un Demon jaloux de mon contentement,

127.0 907.0 522.0 48.0 M’inspira le deſſein d’écrire poliment;

126.0 944.0 664.0 50.0 Tous les jours malgré moi, cloüé ſur un Ouvrage,

124.0 986.0 557.0 42.0 Retouchant un endroit, efſaçant une page,

126.0 1022.0 538.0 44.0 Enſin paſſant ma vie en ce triſte métier,

128.0 1056.0 523.0 45.0 J'envie en écrivant le ſort de Pelletier.

164.0 1096.0 582.0 40.0 Bienheureux Scutari! dont la fertile plume

126.0 1134.0 656.0 46.0 Peut tous les mois ſans peine enfanter un volume.

122.0 1170.0 655.0 49.0 Tes écrits, il eſt vrai, ſans force & languiſſans,

126.0 1209.0 592.0 52.0 Semblent estre formez en dépit du bon ſens:
