1024 1483
213 203 573 72 SATIRE II

256 285 484 54 A M. MOLIERE.

314 364 546 53 ARE & fameux Esprit dont la fertile

352 409 82 35 veine

311 442 549 47 Ignore en écrivant le travail & la

348 484 94 46 peine;

309 516 549 52 Pour qui tient Apollon tous ſes threſors

347 559 121 40 ouverts,

129 594 687 43 Et qui ſçais à quel coin ſe marquent les bons vers.

132 633 718 44 Dans les combats d’esprit, ſçavant Maiſtre d’eſcrime,

131 669 618 44 Enſeigne moi, Moliere, où tu trouves la Rime

134 713 718 35 on diroit, quand tu veux, qu'elle te vient chercher:

136 746 633 41 Jamais au bout du vers on ne te voit broncher;

129 781 701 51 Et ſans qu’un long détour t’arreſte, ou t’embarraſſe,

128 821 578 46 A peine as tu parlé, qu’elle même s’y place.

129 857 683 48 Mais moi qu’un vain caprice, une bizarre humeur,

128 897 623 47 Pour mes pechez, je croi, fit devenir Rimeur:

126 934 582 41 Dans ce rude métier, où mon esprit ſe tuë,

126 971 675 42 En vain pour la trouver, je travaille, & je ſuë.

126 1008 629 47 Souvent j’ai beau réver du matin juſqu’au ſoir:

128 1045 652 51 Quand je veux dire blanc, la quinteuſe dit noir:

126 1085 575 45 Si je veux d’un galant dépeindre la figure,

124 1122 626 43 Ma plume pour rimer trouve l’Abbé de P***:

126 1157 580 54 Si je penſe exprimer un Auteur ſans defaut,

121 1196 567 52 La raiſon dit Virgile, & la rime Quinaut.

837 61 26 47 6

670 1238 69 50 B iij
