1024 1483
202 53 36 40 82

372 45 415 48 EPISTRE AU ROI.

200 95 577 52 Je peindrai jes plaiſirs en foule renaiſſans:

197 137 635 48 Les Oppreſſeurs du Peuple à leur tour gemiſſans.

196 177 601 42 On verra par quels ſoins ta ſage prévroiance

197 213 580 40 Au fort de la famine entretint l’abondance.

196 250 539 44 On verra les abus par ta main reſormés;

194 289 640 43 La Licence & l’Orgueil en tous lieux reprimés:

196 328 579 48 Du debris des Traitans ton eſpargne groſſie:

195 367 526 44 Des ſubſides affreux la rigueur adoucie:

192 404 571 40 Le Soldat dans la paix ſage & laborieux:

192 442 579 41 Nos Artiſans groſſiers rendus induſtrieux;

191 478 622 50 Et nos voiſins fruſtrés de ces tributs ſerviles,

192 520 577 46 Que payoit à leur art le luxe de nos villes.

190 556 616 47 O que j’aime à les voir, de ta gloire troublés,

190 594 584 47 Se priver follement du ſecours de nos blés!

189 631 711 48 Tandis que nos vaiſſeaux par tout maistres des ondes,

190 672 704 44 Vont enlever pour nous les tréſors des deux Mondes.

189 711 545 45 Tantoſt je tracerai tes pompeux baſtimens,

185 747 533 41 Du loiſir d'un Heros nobles amuſemens.

190 783 599 48 J’entens déja ſremir les deux mers eſtonnées,

184 823 598 45 De voir leurs flots unis au pié des Pyrenées.

189 861 536 39 Déja de tous coſtez la chicane aux abois

185 898 580 47 S'enfuit au ſeul aſpect de tes nouvelles lois.

184 937 614 45 O que ta main par là va ſauver de Pupilles!

187 976 603 42 Que de ſçavans Plaideurs deſormais inutiles!

186 1014 611 50 Qui ne ſent point l’effet de tes ſoins genereux?

184 1054 663 44 L'Univers ſous ton regne a-t-il des mal-heureux?

185 1087 623 49 Eſt-il quelque Vertu dans les glaces de l’Ourſe,

183 1127 687 50 Ni dans ces lieux brûlés où le jour prend ſa ſource,

184 1165 606 47 Dont la triſte Indigence oſe encor approcher,

181 1203 656 51 Et qu’en foule tes dons d’abord n’aillent chercher?
