1024 1483
165.0 32.0 42.0 52.0 86

374.0 46.0 303.0 38.0 EPISTRE II.

173.0 93.0 723.0 45.0 Attens-tu qu'un Fermier payant quoi qu'un peu tard,

168.0 128.0 666.0 45.0 De ton bien pour le moins daigne te faire part?

169.0 165.0 691.0 50.0 Vas-tu, grand deffenſeur des droits de ton Egliſe,

174.0 206.0 603.0 38.0 De tes Moines mutins reprimer l'entrepriſe?

166.0 240.0 576.0 47.0 Croi moi, dûſt Auſanet t’aſſeurer du ſuccés,

165.0 283.0 651.0 46.0 Abbé, n'entrepren point meſme un juſte procés.

163.0 321.0 614.0 43.0 N’imite point ces Fous dont la ſotte avarice

164.0 357.0 537.0 47.0 Va de ſes revenus engraiſſer la Juſtice,

165.0 396.0 609.0 50.0 Qui toûjours aſſignans, & toûjours aſſignés,

159.0 433.0 684.0 50.0 Souvent demeurent gueux de vingt procés gagnés.

162.0 474.0 683.0 41.0 Soûtenons bien nos droits: Sot eſt celui qui donne.

160.0 511.0 697.0 50.0 C’eſt ainſi devers Caen que tout Normand raiſonne.

160.0 552.0 629.0 44.0 Ce ſont là les leçons, dont un pere Manceau

162.0 589.0 613.0 41.0 Inſtruit ſon Fils novice au ſortir du berceau.

160.0 627.0 653.0 47.0 Mais pour toi qui nourri bien en deça de l’Oiſe

160.0 663.0 604.0 53.0 As ſuccé la vertu Picarde & champenoiſe,

159.0 704.0 601.0 47.0 Non, non, tu n’iras point ardent Beneficier,

160.0 742.0 590.0 45.0 Faire enroüer pour toi Corbin ni le Mazier.

158.0 781.0 588.0 47.0 Toutefois, ſi jamais quelque ardeur bilieuſe

159.0 819.0 607.0 42.0 Allumoit dans ton cœur l'humeur litigieuſe;

159.0 855.0 610.0 50.0 Conſulte moi d’abord, & pour la reprimer,

159.0 898.0 557.0 42.0 Retien bien la leçon que je te vais rimer.

184.0 933.0 705.0 47.0 Un jour, dit un Auteur, n’importe en quel chapitre;

157.0 973.0 662.0 47.0 Deux Voiageurs à jeun rencontrerent une huiſtre,

158.0 1012.0 694.0 40.0 Tous deux la contestoient: lors que dans leur chemin

159.0 1049.0 493.0 44.0 La Juſtice paſſa, la balance à la main.

157.0 1087.0 608.0 49.0 Devant elle auſſi-toſt ils expliquent la choſe.

157.0 1128.0 669.0 44.0 Tous deux avec dépens veulent gagner leur cauſe.

153.0 1165.0 492.0 46.0 La Juſtice peſant ce droit litigieux

154.0 1201.0 729.0 54.0 Demande l’huiſtre, l’ouvre, & l’avale à leurs yeux,
