1024 1483
824 53 31 42 151

293 30 416 49 CHANT PREMIER.

136 86 544 43 Elle ſeule la brave: elle ſeule aux procez

136 121 571 48 De ſes paiſibles murs veut deffendre l’accez.

129 159 632 49 La Diſcorde, à l’aspect d’un calme qui l'offence,

128 198 620 49 Fait ſifler ſes ſerpens, s’excite à la vengeance:

129 237 545 43 Sa bouche ſe remplit d’un poiſon odieux,

131 275 641 43 Et de longs traits de ſeu lui ſortent par les yeux.

166 311 665 52 Quoi? dit-elle, d’un ton qui fit trembler les vitres,

131 349 627 53 J’aurai pû juſqu'ici broüiller tous les Chapitres,

124 389 558 42 Diviſer Cordeliers, Carmes & Celeſtins?

126 428 593 50 J’aurai fait ſoûtenir un ſiege aux Augustins?

122 464 542 46 Et cette Egliſe ſeule à mes ordres rebelle

122 504 570 44 Nourira dans ſon ſein uue paix éternelle?

126 542 629 46 Suis-je donc la Diſcorde? & parmi les Mortels,

126 582 571 48 Qui voudra deſormais encenſer mes autels?

154 621 663 42 A ces mots, d’un bonnet couvrant ſa teſte énorme,

118 657 724 51 Elle prend d’un vieux Chantre & la taille & la ſorme:

121 698 572 48 Elle peint de bourgeons ſon viſage guerrier,

118 739 542 42 Et s’en va de ce pas trouver le Treſorier.

117 773 591 42 Dans le reduit obſcur d'une alcove enfoncée,

116 811 652 49 S’eſleve un lict, de plume à grands frais amaßée.

121 853 645 45 Quatre rideaux pompeux, par un double contour,

115 889 550 42 En deffendent l'entrée à la clarté du jour.

115 928 608 47 Là, parmi les douceurs d’un tranquille ſilence,

111 966 576 41 Regne ſur le duvet une heureuſe Indolence.

115 1005 552 46 C’eſt là que le Prelat muni d’un déjeuner,

111 1043 622 43 Dormant d’un leger ſomme, attendoit le diſner.

111 1080 579 50 La Jeuneſſe en ſa fleur brille ſur ſon viſage:

112 1119 627 50 Son menton ſur ſon ſoin deſcend à double eſtage:

111 1159 585 44 Et ſon corps ramaſſé dans ſa courte groſſeur,

113 1197 594 54 Fait gemir les couſſins ſous ſa molle épaiſſeur.
