1024 1483
204.0 60.0 43.0 37.0 150

411.0 44.0 311.0 46.0 LE LUTRIN.

237.0 96.0 667.0 48.0 Muſe, redy moi donc, qu'elle ardeur de vengeance

200.0 135.0 581.0 41.0 De ces Hommes ſacrez rompit l’intelligence,

202.0 171.0 609.0 48.0 Et troubla ſi long temps deux celebres Rivaux.

209.0 210.0 593.0 48.0 Tant de fiel entre-t-il dans l’ame des devots?

238.0 248.0 620.0 48.0 Et Toi, fameux Heros, dont la ſage entremiſe

207.0 287.0 554.0 45.0 De ce Schiſme naiſſant débarraſſa l’Egliſe;

209.0 334.0 593.0 37.0 Vien d’un regard heureux animer mon projet,

205.0 365.0 478.0 49.0 Et garde toi de rire en ce grave ſujet.

244.0 401.0 606.0 50.0 Parmi les doux plaiſirs d’une paix fraternelle,

205.0 441.0 570.0 43.0 Pourges voioit fleurir ſon antique Chapelle.

207.0 480.0 590.0 42.0 Ses Chanoines vermeils & brillans de ſanté

210.0 519.0 617.0 48.0 S’enpraiſſoient d’une longue & ſainte oyſiveté.

204.0 556.0 704.0 50.0 Sans ſortir de leurs licts plus doux que leurs hermines,

207.0 595.0 620.0 42.0 Ces pieux Faineans faiſoient chanter Matines:

209.0 631.0 665.0 51.0 Veilloient à bien diſner, & laiſſoient, en leur lieu,

206.0 672.0 571.0 47.0 A des Chantres gagés le ſoin de loüer Dieu.

248.0 711.0 628.0 50.0 Quand la Diſcorde, encor toute noire de crimes,

209.0 751.0 628.0 44.0 Sortant des Cordeliers pour aller aux Minimes,

210.0 788.0 601.0 44.0 Avec cet air hideux qui fait fremir la Paix,

210.0 826.0 602.0 47.0 S'arreſta prés d'un arbre au pié de ſon Palais.

209.0 865.0 613.0 47.0 Là, d’un œil attentif, contemplant ſon empire,

209.0 904.0 573.0 42.0 A l’aspect du tumulte, elle meſme s’admire:

209.0 941.0 666.0 50.0 Elle y void par le coche & d’Evreux & du Mans,

209.0 982.0 588.0 44.0 Accourir à grands flots ſes fdeles Normans:

210.0 1018.0 583.0 44.0 Eelle y void aborder le Marquis, la Comteſſe,

209.0 1057.0 664.0 51.0 Le Bourgeois, le Manant, le Clergé, la Nobleſſe,

207.0 1097.0 609.0 46.0 Et par tout, des Plaideurs les eſcadrons épars

211.0 1134.0 563.0 46.0 Faire autour de Themis flotter ſes eſtendars.

211.0 1171.0 555.0 48.0 Mais une Egliſe ſeule à ſes yeux immobile,

212.0 1211.0 666.0 54.0 Garde, au ſein du tumulte, une aſſiette tranquille.
