1024 1483
178.0 69.0 38.0 37.0 14

413.0 54.0 251.0 54.0 SATIRES.

178.0 114.0 639.0 44.0 Enfin quoi que je faſſe, ou que je veüille faire,

173.0 145.0 612.0 44.0 La bizarre toûjours vient m’offrir le contraire.

174.0 185.0 584.0 47.0 De rage quelquefois ne pouvant la trouver,

171.0 221.0 562.0 49.0 Triſte, las, & confus, je ceſſe d’y réver:

173.0 259.0 653.0 48.0 Et maudiſant vingt fois le Demon qui m’inſpire,

176.0 297.0 546.0 47.0 Je fais mille ſermens de ne jamais écrire:

173.0 334.0 700.0 50.0 Mais quand j’ay bien maudit & Muſes & Phebus,

174.0 376.0 610.0 47.0 Je la voi qui paroist, quand je n'y penſe plus.

169.0 412.0 660.0 42.0 1Auſſi-toci, maloré moï: tout mon fou ſe raiume.

175.0 449.0 652.0 51.0 re reprends ſur le champ le papier & la plume,

170.0 489.0 616.0 43.0 Et de mes aains ſermens perdant le ſouvienir,

175.0 530.0 607.0 44.0 r’attens de vers en vers qu’elle daigne venir.

170.0 567.0 636.0 44.0 5ncor. ſt pour rimer, dans ſà venve indiſcrette.

170.0 604.0 658.0 46.0 Ma Muſe au moins ſouffroit une froide epitbete:

173.0 640.0 679.0 45.0 5e ſerois coume un autre: & ſans chercher ſi loin.

173.0 679.0 721.0 45.0 J’aurois toûjours des mots, pour les coudre au beſoin.

168.0 716.0 559.0 46.0 Si je loüois Philis, En miracles feconde;

169.0 755.0 631.0 43.0 Je trouverois bientost, A nulle autre ſeconde.

165.0 792.0 568.0 45.0 Si je voulois vanter un objet Nompareil;

169.0 830.0 637.0 46.0 Je mettrois à l'inſtant, Plus beau que le Soleil.

168.0 868.0 659.0 47.0 Enfin parlant toûjours d’Aſtres & de Merveilles,

164.0 905.0 728.0 51.0 De Chef-d’œuvres des Cieux, de Beautez ſans pareilles,

165.0 946.0 671.0 46.0 Avec tous ces beaux mots ſouvent mis au hazard,

165.0 983.0 630.0 51.0 Je pourrois aiſément, ſans genie, & ſans art,

164.0 1022.0 668.0 43.0 Et transpoſant cent ſois & le Nom & le Verbe,

165.0 1064.0 680.0 42.0 Dans mes vers recouſus mettre en pieces Malherbe:

164.0 1094.0 685.0 52.0 Mais mon esprit tremblant ſur le choix de ſes mots,

163.0 1138.0 600.0 42.0 N'en dira jamais un, s’il ne tombe à propos:

164.0 1171.0 600.0 52.0 Et ne ſçauroit ſouffir, qu’une phraſe inſipide

162.0 1212.0 659.0 52.0 Vienne à la fin d’un vers remplir la place vuide:
