1024 1483
222 65 478 43 CHANT PREMIER.

782 79 35 47 153

111 117 530 39 De voſtre dignité ſoûtenés mieux l'éclat.

107 153 588 47 Eſt-ce pour travailler que vous eſtes Prélat?

107 191 544 46 A quoi bon ce dégoust & ce zele inutile?

110 229 651 50 Eſt-il donc pour jeuſner Quatre-temps, ou Vigile?

103 269 587 46 Reprenés vos esprits & ſouvenez-vous bien,

111 306 569 49 Qu'un diſner réchauffé ne valut jamais rien.

138 343 500 43 Ainſi dit Gilotin, & ce Ministre ſage

105 384 664 47 Sur table, au meſme inſtant, fait ſervir le potage.

102 421 684 49 Le Prélat void la ſoupe, & plein d’un ſaint respect

100 460 560 47 Demeure quelque temps muët à cet aspect.

103 498 674 44 Il cede, il diſne enfin: mais toûjours plus farouche,

105 537 676 45 Les morceaux trop hastés ſe preſſent dans ſa bouche.

100 577 524 47 Gilotin en gemit, & ſortant de fureur,

101 615 574 44 Chés tous ſes Partiſans va ſemer la terreur.

100 654 632 40 On void courir chés lui leurs troupes éperduës:

105 690 639 47 Comme I'on void marcher les bataillons de Gruës,

102 729 604 44 Quand le Pygmée altier redoublant ſes efforts,

93 767 703 44 De l’Hebre ou de Strymon vient d’occuper les bords.

98 806 572 49 A l’aſpect impréveu de leur foule agréable,

93 845 555 41 Le Prélat radouci veut ſe lever de table.

92 882 505 49 Son viſage n’a plus cet air ſi furibon:

95 921 532 47 Il fait par Gilotin rapporter un jambon.

97 961 622 47 Lui-meſme le premier, pour honorer la troupe,

93 998 673 48 D'un vin pur & vermeil il fait remplir ſa coupe:

95 1038 557 39 Il l'avale d’un trait: & chacun l’imitant,

95 1075 656 42 La cruche au large ventre est vuide en un inſtant.

96 1114 576 41 Si-toſt que du nectar la troupe eſt abreuvée,

93 1151 603 50 On deſſert: & ſoudain la nappe eſtant levée,

92 1190 616 48 Le Prélat, d'une voix conforme à ſon malheur,

95 1229 595 48 Leur confie en ces mots ſa trop juſte douleur.

716 1263 26 51 V
