1024 1483
175.0 43.0 40.0 39.0 80

330.0 44.0 447.0 40.0 EPISTRE AU ROI.

173.0 79.0 660.0 48.0 Delà nous tend les bras, & bien-toſt ſans effort

174.0 121.0 600.0 48.0 Syracuſe reçoit nos vaiſſeaux dans ſon port.

175.0 159.0 698.0 42.0 En demeurés-vous là? Dés que nous l’aurons priſe,

173.0 196.0 697.0 42.0 Il ne fut qu’un bon vent & Carthage eſt conquiſe:

170.0 238.0 677.0 38.0 Les chemins ſont ou verts: qui peut noue arreſter?

175.0 279.0 710.0 39.0 Je vous entens, Seigneur, nous allons tout dompter:

168.0 310.0 580.0 45.0 Nous allons traverſer les ſables de Lybie;

168.0 349.0 519.0 51.0 Aſſervir en paſſant l'Egypte, l’Arabie;

168.0 390.0 606.0 43.0 Courir delà le Gange en de nouveaux païs;

169.0 427.0 620.0 46.0 Faire trembler le Scythe aux bords du Tanaïs;

169.0 467.0 675.0 44.0 Et ranger ſous nos loix tout ce vaſte Hemisphere:

165.0 505.0 646.0 49.0 Mais de retour enfin, que pretendez-vous faire?

166.0 545.0 559.0 43.0 Alors, cher Cineas, victorieux, contens,

165.0 582.0 734.0 49.0 Nous pourrons rire à l'aiſe, & prendre du bon temps.

163.0 619.0 675.0 50.0 Hé, Seigneur, dés ce jour, ſans ſortir de l'Epire,

163.0 659.0 669.0 49.0 Du matin juſqu’au ſoir qui vous défend de rire?

160.0 698.0 556.0 48.0 Le conſeil eſtoit ſage & facile à gouſter:

162.0 735.0 645.0 47.0 Pyrrhus vivoit heureux, s’il euſt pû l’écouter;

162.0 772.0 581.0 49.0 Mais à l'Ambition d’oppoſer la Prudence,

162.0 811.0 636.0 51.0 C'eſt aux Prelats de Cour preſcher la reſidence.

192.0 853.0 613.0 44.0 Ce n’est pas que mon cœur du travail ennemi

159.0 891.0 607.0 40.0 Approuve un Faineant ſur le thrône endormi.

158.0 930.0 729.0 50.0 Mais quelques vains lauriers que promette la guerre,

155.0 967.0 589.0 46.0 On peut eſtre Heros ſans ravager la Terre.

157.0 1007.0 676.0 48.0 Il eſt plus d’une gloire. En vain aux Conquerans

155.0 1045.0 676.0 49.0 L'erreur parmi les Rois donne les premiers rangs:

157.0 1082.0 677.0 51.0 Entre les grands Heros ce ſont les plus vulgaires.

155.0 1119.0 629.0 50.0 Chaque Siecle eſt fecond en heureux temeraires.

162.0 1159.0 604.0 45.0 Chaque climat produit des Favoris de Mars.

155.0 1197.0 662.0 52.0 La Seine a des Bourbons: le Tibre a des Ceſars.

849.0 1249.0 41.0 37.0 On
