1024 1483
828.0 56.0 31.0 45.0 81

279.0 52.0 420.0 40.0 EPISTRE AU ROI.

136.0 96.0 550.0 47.0 On a veu mille fois des fanges Mœtides

138.0 133.0 658.0 43.0 Sortir des Conquerans, Goths, Vandales, Gepides.

138.0 171.0 721.0 50.0 Mais un Roi vraiment Roi, qui ſage en ſes projets,

139.0 211.0 683.0 46.0 Sçache en un calme heureux maintenir ſes Sujets,

143.0 247.0 599.0 47.0 Qui du bon-heur public ait cimenté ſa gloire,

138.0 286.0 631.0 46.0 Il faut, pour le trouver, courir toute l’Hiſtoire.

136.0 323.0 597.0 47.0 La Terre compte peu de ces Rois bienfaiſans.

136.0 360.0 568.0 49.0 Le Ciel à les former ſe prepare long-temps.

140.0 401.0 593.0 43.0 Tel fut cét Empereur, ſous qui Rome adorée

139.0 438.0 605.0 40.0 Vid renaiſtre les jours de Saturne & de Rhée:

143.0 478.0 595.0 44.0 Qui rendit de ſon joug l’Univers amoureux:

143.0 515.0 627.0 44.0 Qu'on n’alla jamais voir ſans revenir heureux:

140.0 549.0 543.0 54.0 Qui ſoûpiroit le ſoir, ſi ſa main fortunée

140.0 590.0 583.0 51.0 N’avoit par ſes bien-faits fignalé la journée.

139.0 631.0 610.0 45.0 Le cours ne fut pas long d’un empire ſi doux.

155.0 666.0 705.0 43.0 Mais, où chechai-je ailleurs ce qu’on trouve chez-nous?

139.0 705.0 718.0 43.0 GRAND ROI, ſans recourir aux histoires antiques,

138.0 743.0 685.0 42.0 Ne T’avons-nous pas veu dans les plaines Belgiques,

142.0 782.0 626.0 46.0 Quand l’Ennemi vaincu deſertant ſes ramparts,

138.0 819.0 627.0 46.0 Au devant de ton joug couroit de toutes parts,

139.0 855.0 575.0 43.0 Toi meſme te borner au fort de ta victoire,

138.0 894.0 608.0 45.0 Et chercher dans la Paix une plus juſte gloire?

138.0 935.0 606.0 43.0 Ce ſont là les exploits que tu dois avoüer:

139.0 975.0 716.0 43.0 Et c’eſt par-là, GRAND ROI, que je te veux loüer.

138.0 1007.0 653.0 44.0 Aſſez d'autres, ſans moi, d’un ſile moins timide,

140.0 1056.0 650.0 38.0 Suivront aux champs de Mars ton courage rapide:

138.0 1083.0 489.0 46.0 Iront de ta valeur effraier l'Univers,

138.0 1123.0 630.0 41.0 Et camper devant Dôle au milieu des Hyvers.

138.0 1159.0 717.0 50.0 Pour moi loin des combats, ſur un ton moins terrible,

139.0 1198.0 551.0 55.0 Je dirai les exploits de ton regne paiſible.

738.0 1230.0 27.0 55.0 L
