1024 1483
178 83 726 45 que dans le deſſein de la donner au Public. Mais

180 126 722 47 j'ay creu qu’on ne ſeroit pas fâché de la voir ici

174 165 727 47 à la ſuite de la Poetique avec laquelle ce Traité

175 208 724 52 a quelque rapport, & où j’ay meſme inſeré plu¬

170 248 727 48 ſieurs préceptes qui en ſont tirés. J’avois deſſein

171 289 726 54 d’y joindre auſſi quelques Dialogues en proſeque

168 334 727 47 j’ay compoſez: mais des conſiderations particu¬

166 374 726 47 lieres m'en ont empeſché. J'eſpere en donner

166 416 725 52 quelque jour un volume à part. Voilà tout ce

169 457 722 48 que j’ai à dire au Lecteur. Encore ne ſçai-je ſi je

166 496 726 56 ne lui en ay point déja trop dit, & ſi en ce peu

163 541 727 44 de paroles je ne ſuis point tombé dans le defaut

169 591 309 39 que je voulois éviter.

636 1245 227 56 DISCOURS
