1024 1483
366.0 67.0 263.0 39.0 SATIRES.

829.0 58.0 23.0 50.0 5

131.0 115.0 577.0 51.0 Je ne ſçai point au Ciel placer un Ridicule,

124.0 143.0 725.0 58.0 D'un Nain faire un Atlas, ou d’un lâche un Hercule;

124.0 182.0 631.0 56.0 Et ſans ceſſe en Eſclave à la ſuite des Grands,

127.0 228.0 606.0 48.0 A des Dieux ſans vertu prodiguer mon encens.

124.0 265.0 574.0 43.0 On ne me verra point, d’une veine forcée,

123.0 299.0 588.0 55.0 Meſmes, pour te loüer, déguiſer ma penſée:

123.0 338.0 652.0 54.0 Et quelque grand que ſoit ton pouvoir ſouverain,

121.0 376.0 655.0 49.0 Si mon cœur en ces vers ne parloit par ma main;

122.0 411.0 595.0 52.0 Il n'eſt eſpoir de biens, ni raiſon ni maxime,

126.0 453.0 576.0 51.0 Qui pûſt en ta faveur m’arracher une rime.

158.0 488.0 626.0 48.0 Mais lors que je Te voi, d’une ſi noble ardeur,

122.0 528.0 675.0 50.0 T’appliquer ſans relâche aux ſoins de ta Grandeur,

119.0 568.0 602.0 43.0 Faire honte à ces Rois que le travail étonne,

123.0 605.0 619.0 47.0 Et qui ſont accablez du faix de leur Couronne:

119.0 645.0 618.0 49.0 Quand je voi ta Sageſſe, en ſes juſtes projets,

121.0 680.0 606.0 46.0 D’une heureuſe abondance enrichir tes Sujets:

117.0 718.0 688.0 49.0 Fouler aux pieds l'orgueil & du Tage & du Tibre:

117.0 757.0 561.0 42.0 Nous faire de la mer une campagne libre;

117.0 794.0 699.0 43.0 Et tes braves Guerriers, ſecondant ton grand Cœur,

116.0 830.0 608.0 49.0 Rendre à l’Aigle éperdu ſa premiere vigueur:

117.0 871.0 610.0 43.0 La France ſous tes Loix maiſtriſer la fortune;

117.0 908.0 699.0 48.0 Et nos vaiſſeaux domptant l’un & l’autre Neptune,

117.0 945.0 696.0 43.0 Nous aller chercher l'or, malgré l'onde & le vent,

118.0 982.0 637.0 47.0 Aux lieux, où le Soleil ſe forme en ſe levant:

117.0 1022.0 584.0 42.0 Alors, ſans conſulter ſi Phebus l'en avouë,

119.0 1060.0 636.0 46.0 Ma Muſe toute en feu me previent, & Te louë.

158.0 1097.0 585.0 43.0 Mais bientoſt la Raiſon arrivant au ſecours,

115.0 1135.0 615.0 48.0 Vient d’un ſi beau projet interrompre le cours:

117.0 1175.0 710.0 47.0 Et me fait concevoir, quelque ardeur qui m'emporte,

126.0 1211.0 582.0 54.0 Que je n'ai ni le ton, ni la voix aſſez forte.

676.0 1248.0 76.0 50.0 A iij
