1024 1483
191 30 30 44 4

326 18 485 46 TRAITE' DU SUBLIME.

192 70 730 43 un mot cet Ouvrage ne pouvoit pas apporter un grand

199 108 726 47 profit aux Lecteurs, qui eſt nean-moins le but où doit

194 145 727 47 tendre tout homme qui veut écrire. D’ailleurs, quand

195 182 727 50 on traite d’un Art, il y a deux choſes à quoi il ſe faut

192 222 729 43 toûjours eſtudier. La premiere eſt, de bien faire enten¬

190 260 730 44 dre ſon Sujet. La ſeconde, que je tiens au fonds la prin¬

191 301 731 46 cipale, conſiſte à montrer coinment & par quels moiens

192 338 729 46 ce que nous enſeignons ſe peut acquerir. Cecilius s’eſt

190 378 732 43 fort attaché à l’une de ces deux choſes: car il s’efforce

191 415 729 48 de montrer par une infinité de paroles, ce que c’eſt que

192 454 729 42 le Grand & le Sublime, comme ſi c’eſtoit un point

187 493 731 42 fort ignoré: mais il ne dit rien des moiens qui peu¬

195 531 728 47 vent porter l’eſprit à ce Grand & à ce Sublime. Il paſſe

190 569 728 42 cela, je ne ſçai pourquoy, comme une choſe abfalu¬

191 610 727 42 ment inutile. Aprés tout, cet Auteur peut-eſtre n’eſt-il

194 647 726 50 pas tant à reprendre pour ſes fautes, qu’à loüer pour

190 684 728 47 ſon travail, & pour le deſſein qu’il a eu de bien faire.

196 722 724 49 Toutefois, puiſque vous voulés que j’écrive auſſi du

191 762 726 41 Sublime, voions, pour l’amour de vous, ſi nous n’a¬

191 800 726 46 vons point fait ſur cette matiere quelque obſervation

189 839 731 45 raiſonnable, & dont les Orateurs puiſſent tirer quel¬

191 876 270 49 que ſorte d’utilité.

227 913 686 47 Mais c’eſt à la charge, mon cher Terentianus,

192 956 725 41 que nous reverrons enſemble exactement mon ou¬

191 993 725 42 vrage, & que vous m’en direz voſtre ſentiment avec

187 1033 730 39 cette ſincerité que nous devons naturellement à nos

189 1072 726 37 amis. Car, comme un * Sage dit fort bien: ſi nous

186 1109 730 46 avons quelque voye pour nous rendre ſemblables aux

189 1144 659 44 Dieux; c’eſt de faire plaiſir & de dire la verité.

220 1185 697 50 Au reſte, comme c’eſt à vous que j’eſcris, c’eſt à

119 1068 68 38 * Pytha¬

116 1093 49 32 gore.
