1024 1483
390 16 277 45 PREFACE.

158 65 721 44 Sublime en ſtile bas. En traitant des beautez de l'Elo¬

158 105 718 43 cution, il a emploié toutes les fineſſes de l'Elocution.

158 143 721 49 Souvent il fait la figure qu’il enſeigne, & en parlant

155 181 723 47 du Sublime, il eſt lui meſme tres-ſublime. Cependant il

157 219 718 51 fait cela ſi à propos & avec tant d’art, qu’on ne ſçau¬

152 258 723 43 roit l’accuſer en pas un endroit de ſortir du ſtile didac¬

155 297 719 44 tique. C’est ce qui a donné à ſon Iivre cette haute re¬

157 336 718 49 putation qu’il s’eſt acquiſe parmi les Sçavans qui l’ont

153 375 722 45 tous regardé, comme un des plus precieux reſtes de l’An¬

153 411 723 49 tiquité ſur les matieres de Rhetorique. Caſaubon l’ap¬

157 449 717 50 pelle un Livre d’or, voulant marquer par-là le poids de

157 489 717 49 ce pertit Ouvrage, qui malgré ſa petiteſſe peut eſtre mis

157 530 521 45 en balance avec les plus gros volumes.

192 563 683 45 Auſſi jamais Homme, de ſon temps meſme, n'a eſté

158 603 716 51 plus eſtimé que Longin. Le Philoſophe Porphyre, qui

158 642 716 48 avoit eſté ſon diſciple, parle de lui comme d’un prodige.

159 679 717 50 Si on l’en croit, ſon jugement estoit la regle du bon

155 719 720 52 ſens: Ses déciſions en matiere d’Ouvrages paſſoient pour

158 758 715 42 les arreſts ſouverains, & rien n’eſtoit bon ou mauvais,

158 795 716 47 qu’autant que Longin l’avoit approuvé ou blaſmé. Eu¬

159 835 716 48 napius, dans la vie des Sophiſtes, paſſe encore plus

159 872 716 47 avant. Pour exprimer l’eſtime qu’il fait de Longin, il

157 913 707 46 ſe laiſſe emporter à des Hyperboles extravagantes, &

160 947 713 49 ne ſçauroit ſe reſoudre à parler en ſtile raiſonnable d’un

160 987 711 42 merite auſſi extraordinaire que celui de cet Auteur. Mais

159 1024 712 49 Longin ne fut pas ſimplement un Critique habile. Ce

160 1061 710 52 fut un Miniſtre d’Eſtat conſiderable: & il ſuffrit, pour

162 1099 709 52 faire ſon eloge, de dire, qu’il fut font couſideré de

162 1139 709 49 Zenobie cette fameuſe Reine des Palmyreniens qui oſa

165 1185 706 39 bien ſe declarer Reine de l'Orient aprés la mort de ſon
