1024 1483
256.0 56.0 424.0 35.0 CHANT PREMIER.

795.0 64.0 47.0 42.0 109

145.0 96.0 694.0 51.0 Travaillés à loiſir, quelque ordre qui vous preße,

113.0 135.0 595.0 50.0 Et ne vous piqués point d’une folle vîteſſe.

115.0 174.0 580.0 39.0 Un stile ſi rapide, & qui court en rimant

116.0 212.0 680.0 43.0 Marque moins, trop d’eſprit, que peu de jugement.

121.0 250.0 639.0 44.0 J'aime mieux un ruiſſeau qui ſur la molle arene

116.0 289.0 664.0 47.0 Dans un pré plein de ſleurs lentement ſe promene,

121.0 328.0 611.0 48.0 Qu'un torrent débordé qui d’un cours orageux

116.0 367.0 623.0 47.0 Roule plein de gravier ſur un terrain fangeux.

117.0 405.0 611.0 42.0 Haſtés-vous lentement, & ſans perdre courage

118.0 442.0 659.0 48.0 Vingt fois ſur le meſtier remettés voſtre Ouvrage,

117.0 480.0 528.0 50.0 Poliſſés-le ſans ceße, & le repolißés;

119.0 520.0 567.0 50.0 Adjouſtés quelquefois, & ſouvent effacés.

154.0 558.0 690.0 52.0 C’eſt peu qu’en un Ouvrage, où les fautes fournillent,

116.0 600.0 717.0 47.0 Des traits d’esprit ſemés de temps en temps petillent:

119.0 637.0 642.0 47.0 Il faut que chaque choſe y ſoit miſe en ſon lieu;

119.0 676.0 583.0 46.0 Que le debut, la fin, répondent au milieu:

121.0 714.0 524.0 48.0 Que d’un art delicat les pieces aſſorties

119.0 751.0 662.0 51.0 N'y forment qu’un ſeul tout de diverſes parties:

122.0 790.0 574.0 47.0 Que jamais du ſujet le Diſcours s’écartant

122.0 832.0 634.0 46.0 N'aille chercher trop loin quelque mot eclatant.

154.0 871.0 696.0 47.0 Craignés-vous pour vos vers la cenſure publique?

119.0 908.0 609.0 41.0 Soyés-vous à vous meſme un ſevere Critique.

121.0 945.0 565.0 43.0 L’Ignorance toûjours eſt preſte à s’admirer.

157.0 986.0 629.0 45.0 Faites-vous des amis prompts à vous cenſurer.

127.0 1024.0 643.0 46.0 Qu’ils ſoient de vos eſcrits les confidens ſinceres,

122.0 1062.0 579.0 46.0 Et de tous vos deſauts les zelés adverſaires.

121.0 1101.0 604.0 40.0 Dépoüillés devant eux l'arrogance d'Auteur:

124.0 1136.0 569.0 45.0 Mais ſçachés de l'ami diſcerner le flateur.

128.0 1176.0 724.0 43.0 Tel vous ſemble aplaudir, qui vous raille & vous jouë.

127.0 1214.0 731.0 51.0 Aimés qu’on vous conſeille, & non pas qu’on vous louë.

725.0 1261.0 71.0 41.0 O iij
