1024 1483
180.0 46.0 33.0 50.0 78

363.0 49.0 413.0 37.0 EPISTRE AU ROI.

174.0 92.0 618.0 45.0 Te livrer le Boſphore, & d’un vers incivil

176.0 130.0 504.0 50.0 Propoſer au Sultan de te ceder le Nil.

176.0 169.0 573.0 44.0 Mais pour te bien loüer, une Raiſon ſevere

176.0 206.0 630.0 47.0 Me dit, qu’il faut ſortir de la route vulgaire:

180.0 248.0 610.0 47.0 Qu’aprés avoir joüé tant d’Auteurs differens,

176.0 286.0 719.0 46.0 Phebus meſme auroit peur, s’il entroit ſur les rangs:

179.0 327.0 700.0 44.0 Que par des vers tout neufs, avoüez du Parnaſſe,

176.0 362.0 558.0 44.0 Il faut de mes dégouſts juſtifer l'audace;

179.0 400.0 592.0 47.0 Et ſi ma Muſe enfin n’eſt égale à mon Roi,

187.0 443.0 637.0 46.0 Que je preste aux Cotins des armes contre moi.

213.0 478.0 599.0 45.0 Est-ce là cét Auteur, l’effroi de la Pucelle,

180.0 520.0 667.0 44.0 Qui devoit des bons vers nous tracer le modele:

181.0 558.0 648.0 47.0 Ce Cenſeur, diront-ils, qui nous reformoit tous?

180.0 595.0 735.0 50.0 Quoi? ce critique affreux n’en ſçait pas plus que nous.

174.0 636.0 722.0 44.0 N’avons-nous pas cent fois, en faveur de la France,

179.0 672.0 729.0 44.0 Comme lui, dans nos vers, pris Memphis & Bizance.

181.0 709.0 636.0 49.0 Sur les bords de l’Euphrate abattu le Turban,

176.0 751.0 614.0 46.0 Et coupé, pour rimer, les Cedres du Liban?

183.0 788.0 687.0 46.0 De quel front aujourd’hui vient-il ſur nos brisées,

178.0 829.0 531.0 41.0 Se revesir encor de nos phrazes usées?

216.0 866.0 611.0 44.0 Que répondrois-je alors? Honteux & rebutté

183.0 907.0 660.0 45.0 J’aurois beau me complaire en ma propre beauté,

174.0 945.0 576.0 42.0 Et de mes triſtes vers admirateur unique,

176.0 982.0 604.0 48.0 Plaindre en les reliſant l’ignorance publique.

180.0 1023.0 710.0 45.0 Quelque orgueil en ſecret dont s’aveugle un Auteur,

178.0 1057.0 730.0 51.0 Il est fâcheux, GRAND ROI, de ſe voir ſans Lecteur:

179.0 1098.0 567.0 42.0 Et d’aller du recit de ta gloire immortelle,

178.0 1136.0 617.0 45.0 Habiller chés Francœur* le ſucre & le canelle.

180.0 1175.0 606.0 49.0 Ainſi, craignant toûjours un funeste accident,

181.0 1216.0 562.0 48.0 J’obſerve ſur ton nom un ſilence prudent:

115.0 1162.0 46.0 26.0 * Fa¬

110.0 1183.0 45.0 26.0 meux

105.0 1198.0 63.0 35.0 Epicier.
