1024 1483
832 83 16 44 9

368 82 245 39 SATIRES.

128 128 595 51 De ſervir un Amant, je n'en ai pas l'adreſſe:

134 160 608 63 J'ignore ce grand Art qui gagne une maiſtreſſe,

124 200 595 59 Et je ſuis à Paris, triſte, pauvre & reclus,

126 237 632 59 Ainſi qu’un corps ſans ame, ou devenu perclus.

158 276 642 56 Mais pourquoy, dira-t-on, cette vertu ſauvage,

127 315 620 58 Qui court à I'Hoſpital, & n’eſt plus en uſage?

126 352 462 52 La richeſſe permet uue juſte fierté;

126 389 559 55 Mais il faut eſtre ſouple avec la pauvreté.

127 425 679 59 C’eſt par là qu’un Autheur, que preſſe l’indigence,

127 468 556 46 Peut des aſtres malins corriger l’influence;

126 504 588 49 Et que Ie ſort burleſque, en ce ſiecle de fer,

127 538 725 53 D'un Pedant, quand il veut, ſçait faire un Duc & Pair.

128 582 522 44 Ainſi de la Vertu, la Fortune ſe jouë.

128 617 657 54 Tel aujourd’hui triomphe au plus haut de ſa rouë,

131 659 596 46 Qu'on verroit de couleurs bizarrement orné,

128 694 562 46 Conduire le carroſſe où l'on le voit traîné;

129 732 579 45 Si dans les droits du Roi ſa funeſte ſcience,

131 771 623 48 Par deux ou trois avis, n’euſt ravagé la France.

138 806 636 54 Je ſçay qu’un juſte effroi l'éloignant de ces lieux,

129 847 682 51 L'a fait pour quelques mois diſparoiſtre à nos yeux:

129 886 648 45 Mais en vain, pour un temps, une taxe l'exile:

129 924 605 39 On le verra bien-toſt pompeux en cette Ville,

136 961 599 44 Marcher encor chargé des dépoüilles d’autrui,

131 998 539 45 Et joüir du Ciel même irrité contre lui.

134 1035 582 41 Tandis que Pelletier crotté juſqu'à l’échine,

132 1072 608 45 S'en va chercher ſon pain de cuiſine en cuiſine:

131 1112 627 45 Scavant en ce métier ſi cher aux beaux Eſprits

131 1149 609 41 Dont Monmaur autreſois fit leçon dans Paris.

170 1185 586 43 Il eſt vray que du ROI la bonté ſecourable

137 1223 591 54 Jette enfin ſur la Muſe un regard favorable,

732 1261 29 56 B
