1024 1483
181.0 61.0 29.0 40.0 2

436.0 58.0 246.0 38.0 SATIRES.

180.0 103.0 664.0 49.0 Plus ſage en mon respect, que ces hardis Mortels

184.0 143.0 623.0 46.0 Qui d’un indigne encens profanent tes Autels;

184.0 180.0 697.0 46.0 Qui dans ce champ d’honneur, où le gain les ameine,

183.0 217.0 675.0 43.0 Oſent chanter ton Nom ſans ſorce & ſans haleine,

181.0 257.0 676.0 44.0 Er qui vont tous les jours, d’une importune voix,

180.0 295.0 571.0 47.0 T'ennuyer du recit de tes propres Exploits.

217.0 333.0 599.0 45.0 L’un en ſile pompeux habillant une Eglogue,

179.0 370.0 610.0 48.0 De ſes rares vertus Te fait un long prologue,

179.0 409.0 655.0 49.0 Et meſle, en ſe vantant ſoi-meſme à tout propos,

178.0 449.0 564.0 41.0 Les loüanges d’un Fat à celles d’un Heros.

216.0 485.0 579.0 46.0 L'autre en vain ſe laſſant à polir une rime,

179.0 526.0 575.0 41.0 Et reprenant vingt ſois le rabot & la lime,

181.0 563.0 648.0 47.0 Grand & nouvel effort d’un Esprit ſans pareil!

175.0 601.0 628.0 45.0 Dans la fin d’un Sonnet, te compare au Soleil.

211.0 638.0 559.0 44.0 Sur le haut Helicon leur veine mépriſée,

173.0 677.0 666.0 50.0 Fut toûjours des neuf Sœurs la fable & la riſée:

174.0 716.0 498.0 46.0 Calliope jamais ne daigna leur parler,

174.0 755.0 481.0 45.0 Et Pegaſe pour eux refuſe de voler.

174.0 792.0 610.0 45.0 Cependant à les voir enflez de tant d’audace,

173.0 830.0 697.0 49.0 Te promettre en leur nom les faveurs du Parnaſſe;

171.0 867.0 603.0 48.0 On diroit qu'ils ont ſeuls l’oreille d’Apollon,

175.0 909.0 597.0 41.0 Qu’ils dispoſent de tout dans le ſacré Vallon.

173.0 945.0 696.0 49.0 C'eſt à leurs doctes mains, ſi l'on veut les en croire,

176.0 986.0 636.0 47.0 Que Phebus a commis tout le ſoin de ta gloire:

169.0 1022.0 601.0 49.0 Et ton Non du Midi juſqu’à l’Ourſe vanté,

171.0 1062.0 568.0 46.0 Ne devra qu’à leurs vers ſon immortalité.

170.0 1101.0 647.0 45.0 Mais plûtoſt ſans ce Nom, dont la vive lumiere

170.0 1140.0 635.0 46.0 Donne un luſtre éclatant à leur veine groſſiere:

170.0 1176.0 606.0 48.0 Ils vorroient leurs écrits honte de l’Univers,

173.0 1216.0 599.0 45.0 Pourir dans la pouſſiere à la merci des vers.
