1024 1483
789.0 45.0 39.0 46.0 157

227.0 33.0 459.0 43.0 CHANT PREMIER.

113.0 81.0 631.0 45.0 Ils s’adorent l’un l'autre, & ce couple charmant

112.0 121.0 637.0 42.0 S'unit long-temps, dit-on, avant le Sacrement:

113.0 158.0 658.0 47.0 Mais depuis trois moißons à leur ſaint aſſemblage,

113.0 196.0 457.0 42.0 L’official a joint le nom de mariage.

111.0 232.0 566.0 47.0 Cet Horloger ſuperbe eſt l'effroi du cartier,

115.0 273.0 594.0 43.0 Et ſon courage eſt peint ſur ſon viſage altier.

112.0 311.0 641.0 47.0 Un des noms reſte encor, & le Prélat par grace

118.0 349.0 559.0 42.0 Une derniere fois les brouille & les reſaſſe.

113.0 390.0 641.0 40.0 Chacun croit que ſon mom est le dernier des trois.

115.0 427.0 633.0 47.0 Mais que ne dis-tu point, & puiſſant porte-croix,

113.0 464.0 622.0 48.0 Boirude Sacristain, cher appui de ton Maiſtre,

112.0 504.0 719.0 42.0 Lors qu’aux yeux du Prélat tu vis ton nom paraiſtre?

112.0 543.0 724.0 48.0 On dit, que ton front jaune, & ton teint ſans couleur

112.0 582.0 545.0 43.0 Perdit en ce moment ſon antique paſleur:

116.0 620.0 716.0 48.0 Et que ton corps gouteux plein d’une ardeur guerriere,

115.0 658.0 625.0 45.0 Pour ſauter au plancher fit deux pas en arriere.

113.0 695.0 606.0 44.0 Chacun benit tout haut l’arbitre des Humains

115.0 735.0 631.0 46.0 Qui remet leur bon droit en de ſi bonnes mains.

111.0 771.0 598.0 50.0 Auſſi-toſt on ſe leve, & l’aſſemblée en foule,

115.0 813.0 614.0 39.0 Avec un bruit confus, par les portes s’eſcoule.

149.0 847.0 581.0 47.0 Le Prelat reſté ſeul calme un peu ſon dépit,

112.0 887.0 584.0 54.0 Et juſques au ſouper ſe couche & s'aſſoupit.

707.0 1238.0 57.0 50.0 V iij
