1024 1483
268.0 52.0 424.0 40.0 CHANT PREMIER.

808.0 59.0 52.0 39.0 107

166.0 98.0 692.0 42.0 N'offrés rien au Lecteur que ce qui peut lui plaire.

124.0 137.0 542.0 44.0 Ayés pour la cadence une oreille ſevere:

129.0 180.0 725.0 46.0 Que toûjours dans vos vers, le ſens coupant les mots,

124.0 215.0 572.0 44.0 Suſpende l’hemiſtiche, en marque le repos.

158.0 250.0 590.0 49.0 Gardés qu'une voyele à courir trop hastée,

122.0 289.0 597.0 44.0 Ne ſoit d’une voyele en ſon chemin heurtée.

158.0 329.0 600.0 44.0 Il eſt un heureux choix de mots harmonieux:

118.0 369.0 585.0 41.0 Fuiés des mauvais ſons le concours odieux.

117.0 407.0 644.0 41.0 Le Vers le mieux rempli, la plus noble penſée

116.0 443.0 680.0 51.0 Ne peut plaire à l’eſprit, quand l'oreille eſt bleſſée.

152.0 485.0 623.0 46.0 Durant les premiers ans du Parnaſſe François,

117.0 520.0 547.0 44.0 Le caprice tout ſeul faiſoit toutes les lois.

113.0 559.0 693.0 50.0 La Rime, au bout des mots aſſemblés ſans meſure,

112.0 600.0 644.0 41.0 Tenoit Iieu d’ornemens, de nombre, & de cæſure.

111.0 637.0 639.0 47.0 Villon ſçût le premier, dans ces ſiecles groſſiers,

115.0 678.0 669.0 43.0 Débroüiller l’art confus de nos vieux Romanciers.

112.0 714.0 613.0 48.0 Marot bien-toſt aprés fit fleurir les Ballades,

110.0 752.0 583.0 43.0 Tourna des Triolets, rima des Maſcarades,

107.0 790.0 599.0 50.0 A des refrains reglés aſſervit les Rondeaux,

111.0 841.0 671.0 36.0 Et montra pour rimer des chemins tout nouveaux.

108.0 871.0 634.0 44.0 Ronſard qui le ſuivit, par une autre methode

106.0 908.0 683.0 44.0 Reglant tout, broüilla tout, fit un art à ſa mode;

105.0 946.0 601.0 48.0 Et toutefois longtemps eut un heureux deſtin:

105.0 984.0 680.0 45.0 Mais ſa Muſe, en François parlant Grec & Latin,

106.0 1024.0 660.0 49.0 Vid dans l’âge ſuivant, par un retour groteſque,

105.0 1061.0 618.0 51.0 Tomber de ſes grands mots le faste pedanteſque.

106.0 1099.0 554.0 51.0 Ce Poëte orgueilleux trebuché de ſi haut

107.0 1144.0 559.0 43.0 Rendit plus retenus Desportes & Bertaut.

103.0 1177.0 658.0 48.0 Enſin Malherbe vint, & le premier en France,

106.0 1216.0 555.0 50.0 Fit ſentir dans les Vers une juſte cadence,

676.0 1256.0 67.0 51.0 O ij
