1024 1483
128 329 721 101 DISCOURS

258 460 448 70 AU ROI.

306 569 542 51 EUINE & vaillant Heros, dont la haute

340 609 96 54 Sageſſe

304 646 544 51 N’eſt point le fruit tardif d’une lente

340 687 123 50 vieilleſſe.

305 724 544 48 Et qui ſeul, ſans Miniſtre, à l’exemple

336 757 157 46 des Dieux,

117 800 715 41 Soûtiens tout par Toi-même & vois tout par ces yeux.

117 837 730 50 GRAND ROY, ſi juſqu'ici, par un trait de pru¬

153 877 93 39 dence,

122 910 615 52 J'ay demeuré pour Toi dans un humble ſilence;

118 957 616 41 Ce n'eſt pas que mon cœur vainement ſuspendu

117 988 570 50 Balance pour t’offrir un encens qui t’eſt dû.

117 1029 622 41 Mais je ſçai peu loüer, & ma Muſe tremblante

118 1064 657 53 Fuit d’un ſi grand fardeau la charge trop peſante;

122 1102 594 52 Et de ſi hauts exploits mal-propre à diſcourir,

119 1143 620 45 Touchant à tes lauriers craindroit de les fleſtrir.

147 1178 555 49 Ainſi, ſans m’aveugler d’une vaine manie,

124 1216 501 56 Je meſure mon vol à mon foible genie;

728 1253 43 54 A
