1024 1483
176.0 48.0 45.0 44.0 16

426.0 51.0 270.0 42.0 SATIRES.

183.0 101.0 720.0 42.0 Mais ils trouvent pourtant, quoy qu'on en puiſſe dire,

181.0 135.0 724.0 45.0 Un Marchand pour les vendre, & des Sots pour les lire.

180.0 173.0 698.0 50.0 Et quand la Rime enfin ſe trouve au bout des vers,

183.0 212.0 619.0 43.0 Qu’importe que le reſte y ſoit mis de travers?

180.0 248.0 569.0 42.0 Malheureux mille ſois celuy, dont la manie

179.0 287.0 580.0 49.0 Veut aux regles de l’Art aſſervir ſon genie.

181.0 327.0 580.0 37.0 Un vot en écrivant fait tout avec plaiſir:

178.0 363.0 606.0 41.0 Il n’a point en ſes vers l'embarras de choiſir:

176.0 399.0 634.0 49.0 Et toûjours amoureux de ce qu’il vient d’écrire,

174.0 438.0 597.0 40.0 Ravu d'étonnement, en ſoi-même il s’admire.

175.0 478.0 626.0 39.0 Mais un eſprit ſublime, en vain veut s’élever

175.0 515.0 558.0 46.0 A ce degré parfait qu’il tâche de trouver:

173.0 549.0 672.0 52.0 Et toûjours mécontent de ce qu’il vient de faire,

173.0 590.0 665.0 47.0 Il plaiſt à tout le monde, & ne ſçauroit ſe plaire.

174.0 627.0 628.0 49.0 Et tel, dont en tous lieux chacun vante l’esprit,

171.0 666.0 599.0 45.0 Voudroit pour ſon repos n’avoir jamais écrit.

206.0 703.0 633.0 50.0 Toi donc qui vois les maux oǹ ma Muſe s’abîme,

170.0 742.0 661.0 51.0 De grace, enſeigne moi l’Art de trouver la Rime:

170.0 779.0 598.0 52.0 Ou, puiſqu'enfin tes ſoins y ſeroient ſuperflus,

170.0 819.0 635.0 52.0 Moliere, enſeigne moy l’Art de ne rimer plus.

755.0 1240.0 128.0 60.0 SATIRE
