1024 1483
394 25 283 44 PREFACE.

174 74 684 49 quelques defaux, ils ne ſçauroient venir que de moi.

202 113 689 43 II ne reſte plus pour ſinir cette Préſace, que de dire ce

169 153 721 48 que Longin entend par Sublime. Car comme il eſcrit de

168 192 724 47 cette matiere aprés Cecilius qui avoit preſque emploié tout

160 228 731 51 ſon Livre à montrer ce que c’eſt que Sublime, il n’a pas

166 269 720 42 crû devoir rebatre une choſe qui n’avoit eſté déjà que trop

163 307 726 41 diſcutée pas un autre. Il faut donc ſçavoir que par Su¬

165 346 725 46 blime, Longin n’entend pas ce que les Orateurs appellent le

164 384 725 38 Stile Sublime: mais cet extraordinaire & ce merveil¬

160 421 727 48 Ieux qui frappe dans le Diſcours, & qui fait qu’un

160 462 730 43 Ouvrage enleve, ravit, transporte. Le Stile Subli¬

162 498 723 42 me veut toûjours de grands mots: mais le Sublime ſe

163 538 718 46 peut trouver daus une ſeule penſée, dans une ſeule figure,

159 574 728 47 dans un ſeul tour de paroles. Une choſe peut eſtre dans le

163 611 718 51 Stile Sublime & n’eſtre pourtant pas Sublime; c’eſt à dire,

159 653 726 40 n'avoir rien d’extaordinaire ni de ſurprenant. Par exem¬

159 690 724 46 ple. Le ſouverain Arbitre de la Nature d’une ſeule pa¬

159 727 724 42 tole forma la lumiere. Voila qus est dans le Stile Su¬

158 767 722 46 blime: cela n’est pas neanmoins Sublime: parce qu’il n'y

157 805 724 46 a rien là de fort merveilleux, & qu'un autre ne puſt aisé¬

155 841 723 50 ment trouver. Mais. Dieu dit: Que la lumiere ſe faſſe,

155 882 725 41 & la lumiere ſe fit. Ce tour extraordinaire d’expreſſion

157 920 722 45 qui marque ſi bien l’obeïſſance de la Creatture aux ordres

153 961 728 44 du Createur eſt veritablement Sublime & a quelque

154 998 724 43 choſe de divin. Il faut donc entendre par Sublime dans

155 1038 723 45 Longin, l’Extraordinaire, le Surprenant & comme je

153 1072 613 60 l’ay traduit, le Merveilleux dans le Diſcours.

702 1235 168 42 TRAITE'
