1024 1483
202.0 55.0 58.0 43.0 104

363.0 49.0 443.0 43.0 L'ART POETIQUE,

241.0 95.0 502.0 49.0 La Nature fertile en eſprits excellens,

201.0 134.0 580.0 48.0 Sçait entre les Auteurs partager les talens.

202.0 174.0 656.0 45.0 L’un peut tracer en vers une amoureuſe flamme:

202.0 210.0 629.0 50.0 L’autre d’un trait plaſant aiguiſer l’Epigramme:

206.0 249.0 631.0 45.0 Malherbhe d’un Heros peut vanter les exploits:

204.0 286.0 634.0 46.0 Racan chanter Philis les Bergers, & les bois.

205.0 323.0 706.0 52.0 Mais ſouvent un Esprit qui ſe flate, & qui s’aime,

205.0 363.0 592.0 51.0 Méconnoiſt ſon genie, & s’ignore ſoi-meſme.

205.0 401.0 593.0 47.0 Ainſi * Tel autreſois qu’on vid avec Faret

210.0 442.0 614.0 47.0 Charbonner de ſes vers les murs d’un Cabaret,

207.0 479.0 569.0 46.0 S'en va mal à propos d’une voix inſolente

210.0 517.0 654.0 50.0 Chanter du peuple Hebreu la fuite triomphante,

207.0 556.0 610.0 45.0 Et pourſuivant Moïſe au travers des deſerts,

212.0 594.0 591.0 49.0 Court avec pharaon ſe noier dans les mers.

247.0 627.0 685.0 56.0 Quelque ſujet qu'on traite ou plaiſant, ou ſublime,

209.0 669.0 669.0 51.0 Que toûjours le Bon ſens s’accorde avec la Rime.

206.0 709.0 604.0 44.0 L’un l’autre vainement ils ſemblent ſe haïr,

206.0 747.0 631.0 43.0 La Rime eſt une eſclave, & ne doit qu’obeïr.

207.0 785.0 661.0 44.0 Lors qu’à la bien chercher d’abord on s’évertuë,

209.0 823.0 555.0 45.0 L’esprit à la trouver aiſément s’habituë,

211.0 862.0 579.0 47.0 Au joug de la Raiſon ſant peine elle fléchit,

210.0 899.0 574.0 48.0 Et loin de la geſner la ſert & l’enrichit.

212.0 939.0 621.0 54.0 Mais lors qu'on la neglige, elle devient rebelle,

212.0 976.0 638.0 44.0 Et pour la rattraper, Ie ſens court aprés elle.

213.0 1014.0 661.0 46.0 Aimés donc la Raiſon: que toûjours vos eſcrits

213.0 1052.0 681.0 44.0 Empruntent d’elle ſeule & leur lustre & leur prix.

257.0 1094.0 586.0 45.0 La pluspart emportés d’une fougue inſenſée

218.0 1128.0 721.0 44.0 Toûjours loin du droit ſens vont chercher leur penſée.

218.0 1170.0 689.0 41.0 Ils coiroient s’abaiſſer dans leurs vers monſtrueux,

216.0 1208.0 706.0 52.0 S’ils penſoient ce qu’un autre a pû penſer comme eux.

137.0 402.0 58.0 31.0 * Saint

136.0 426.0 61.0 26.0 Amant

138.0 443.0 53.0 29.0 Moyſe

136.0 459.0 54.0 34.0 Sauvé

829.0 1256.0 110.0 36.0 Evitons
