<?xml version="1.0" encoding="UTF-8"?>
<alto xmlns:xsi="http://www.w3.org/2001/XMLSchema-instance"
      xmlns="http://www.loc.gov/standards/alto/ns-v4#"
      xsi:schemaLocation="http://www.loc.gov/standards/alto/ns-v4# http://www.loc.gov/standards/alto/v4/alto-4-2.xsd">
  <Description>
    <MeasurementUnit>pixel</MeasurementUnit>
    <sourceImageInformation>
      <fileName>Boileauf208.highres.jpg</fileName>
      
    </sourceImageInformation>
  </Description>
  
  <Tags>
    <OtherTag ID="BT1791" LABEL="StampZone" DESCRIPTION="block type StampZone"/><OtherTag ID="BT1790" LABEL="RunningTitleZone" DESCRIPTION="block type RunningTitleZone"/><OtherTag ID="BT1789" LABEL="QuireMarksZone" DESCRIPTION="block type QuireMarksZone"/><OtherTag ID="BT1788" LABEL="NumberingZone" DESCRIPTION="block type NumberingZone"/><OtherTag ID="BT1787" LABEL="MarginTextZone" DESCRIPTION="block type MarginTextZone"/><OtherTag ID="BT1786" LABEL="MainZone" DESCRIPTION="block type MainZone"/><OtherTag ID="BT1785" LABEL="GraphicZone" DESCRIPTION="block type GraphicZone"/><OtherTag ID="BT1784" LABEL="DropCapitalZone" DESCRIPTION="block type DropCapitalZone"/>
    <OtherTag ID="LT608" LABEL="DefaultLine" DESCRIPTION="line type DefaultLine"/><OtherTag ID="LT609" LABEL="DropCapitalLine" DESCRIPTION="line type DropCapitalLine"/><OtherTag ID="LT610" LABEL="HeadingLine" DESCRIPTION="line type HeadingLine"/><OtherTag ID="LT611" LABEL="InterlinearLine" DESCRIPTION="line type InterlinearLine"/>
  </Tags>
  
  <Layout>
    <Page WIDTH="1024"
          HEIGHT="1483"
          PHYSICAL_IMG_NR="207"
          ID="eSc_dummypage_">
      <PrintSpace HPOS="0"
                  VPOS="0"
                  WIDTH="1024"
                  HEIGHT="1483">
        
        <TextBlock HPOS="74"
                   VPOS="74"
                   WIDTH="745"
                   HEIGHT="1176"
                   ID="eSc_textblock_c28087a6"
                   TAGREFS="BT1786">
          <Shape><Polygon POINTS="275 76 664 78 727 85 802 95 810 661 809 663 805 663 805 680 802 693 800 715 802 901 814 924 819 1245 88 1250 74 108 89 88 191 74 227 77"/></Shape>
          
          
          <TextLine ID="eSc_line_8ffcb181"
                    TAGREFS="LT608"
                    BASELINE="201 64 665 66" 
                    HPOS="200"
                    VPOS="24"
                    WIDTH="465"
                    HEIGHT="46">
            <Shape><Polygon POINTS="201 64 201 24 249 32 664 33 665 66 662 70 200 67"/></Shape>
	    <String CONTENT="TRAITE&#39; DU SVBLIME."
                    HPOS="200"
                    VPOS="24"
                    WIDTH="465"
                    HEIGHT="46"></String>
          </TextLine>

          
          
          <TextLine ID="eSc_line_93ed1cd6"
                    TAGREFS="LT608"
                    BASELINE="774 78 794 77" 
                    HPOS="770"
                    VPOS="53"
                    WIDTH="26"
                    HEIGHT="28">
            <Shape><Polygon POINTS="772 77 770 56 796 53 793 76 793 81 772 81"/></Shape>
	    <String CONTENT="7"
                    HPOS="770"
                    VPOS="53"
                    WIDTH="26"
                    HEIGHT="28"></String>
          </TextLine>

          
          
          <TextLine ID="eSc_line_4fea5d5c"
                    TAGREFS="LT608"
                    BASELINE="79 121 234 112 797 116" 
                    HPOS="76"
                    VPOS="77"
                    WIDTH="720"
                    HEIGHT="45">
            <Shape><Polygon POINTS="77 119 91 95 198 80 202 77 204 77 205 77 205 79 215 87 218 87 238 87 241 87 264 79 265 79 267 79 309 86 327 79 328 79 330 79 331 79 349 86 357 79 358 79 359 79 361 79 399 86 435 79 436 79 437 79 439 79 451 87 462 79 463 79 465 79 466 79 467 79 494 87 507 79 508 79 509 79 510 79 512 79 513 79 521 85 567 79 568 79 629 87 630 87 657 79 659 79 660 79 661 79 687 87 687 88 795 88 796 114 795 118 76 122"/></Shape>
	    <String CONTENT="acquérir la parfaite habitude du Sublime. Car comme"
                    HPOS="76"
                    VPOS="77"
                    WIDTH="720"
                    HEIGHT="45"></String>
          </TextLine>

          
          
          <TextLine ID="eSc_line_fe1a996d"
                    TAGREFS="LT608"
                    BASELINE="80 156 215 152 798 154" 
                    HPOS="77"
                    VPOS="117"
                    WIDTH="723"
                    HEIGHT="47">
            <Shape><Polygon POINTS="80 156 77 126 185 117 186 117 186 117 186 117 232 126 234 126 236 126 242 119 242 118 242 118 243 118 243 118 243 118 244 118 244 118 246 118 295 119 295 119 295 119 296 119 296 119 296 119 298 119 298 119 298 121 304 126 304 126 304 126 328 119 330 119 330 119 331 119 331 119 331 119 332 119 351 126 358 119 358 118 358 118 359 118 359 118 359 118 361 118 361 118 362 118 362 118 362 118 403 126 405 127 461 127 461 126 468 119 468 118 468 118 469 118 469 118 469 118 471 118 471 118 472 118 472 118 472 118 473 118 473 118 492 126 492 126 509 126 549 126 555 119 555 118 555 118 556 118 556 118 556 118 557 118 557 118 558 118 558 118 558 118 560 118 560 118 578 126 605 118 607 118 607 118 608 118 608 118 669 126 711 118 711 118 712 118 712 118 712 118 748 126 766 118 766 118 768 118 768 118 768 118 769 118 769 118 770 118 798 127 798 154 800 156 790 164 790 164 789 164 789 164 789 164 787 164 787 164 786 164 786 164 786 164 753 158 508 164 507 164 507 164 507 164 505 164 505 164 504 164 504 164 504 164 499 159 498 159 498 159 492 164 492 164 490 164 490 164 489 164 489 164 489 164 488 164 488 164 461 159 448 158 432 160 401 164 401 164 400 164 319 161 206 156 79 163"/></Shape>
	    <String CONTENT="les vaiſſeaux ſont en danger de perir, lors qu’on les"
                    HPOS="77"
                    VPOS="117"
                    WIDTH="723"
                    HEIGHT="47"></String>
          </TextLine>

          
          
          <TextLine ID="eSc_line_eb5be6bb"
                    TAGREFS="LT608"
                    BASELINE="80 195 248 190 802 191" 
                    HPOS="75"
                    VPOS="154"
                    WIDTH="727"
                    HEIGHT="48">
            <Shape><Polygon POINTS="80 195 75 166 93 155 95 155 95 155 95 155 96 155 96 155 97 155 97 155 97 155 98 155 98 155 98 155 100 155 100 155 100 156 108 164 134 164 143 155 143 154 143 154 144 154 144 154 144 154 145 154 145 154 147 154 147 154 222 163 232 155 232 154 232 154 233 154 233 154 234 154 234 154 234 154 236 154 236 154 237 154 237 154 257 161 277 154 277 154 278 154 278 154 279 154 279 154 279 154 324 164 337 154 338 154 338 154 338 154 340 154 340 154 341 154 392 154 392 154 392 154 393 154 393 154 393 154 394 154 394 155 404 164 421 154 421 154 421 154 422 154 422 154 422 154 424 154 424 154 424 154 471 165 550 165 557 158 557 156 557 156 558 156 558 156 558 156 560 156 560 156 560 156 561 156 561 156 615 164 625 155 625 154 625 154 627 154 627 154 627 154 628 154 628 154 629 154 629 154 629 154 630 154 630 154 651 164 729 164 753 154 753 154 754 154 754 154 754 154 755 154 755 154 756 154 756 154 756 154 758 154 758 154 758 155 765 161 780 156 781 156 781 156 781 156 782 156 782 156 782 156 784 156 784 156 802 165 802 191 801 194 761 201 761 201 760 201 760 201 760 201 733 195 730 195 671 196 434 201 432 201 432 201 432 201 431 201 424 198 410 195 230 195 80 202"/></Shape>
	    <String CONTENT="abandonne à leur ſeule legereté, &amp; qu’on ne ſçait"
                    HPOS="75"
                    VPOS="154"
                    WIDTH="727"
                    HEIGHT="48"></String>
          </TextLine>

          
          
          <TextLine ID="eSc_line_bcd70592"
                    TAGREFS="LT608"
                    BASELINE="82 232 802 229" 
                    HPOS="80"
                    VPOS="194"
                    WIDTH="722"
                    HEIGHT="48">
            <Shape><Polygon POINTS="82 232 80 205 115 203 122 196 122 195 122 195 123 195 123 195 123 195 124 195 124 195 124 195 126 195 126 195 180 202 192 195 194 195 194 195 195 195 195 195 195 195 196 195 439 202 456 194 456 194 456 194 457 194 457 194 458 194 458 194 458 194 460 194 479 200 498 194 499 194 499 194 499 194 500 194 500 194 502 194 502 194 502 194 503 194 503 194 513 201 572 194 572 194 573 194 573 194 575 194 575 194 575 194 591 201 641 194 641 194 643 194 643 194 644 194 674 201 701 194 702 194 702 194 702 194 703 194 800 202 802 229 801 234 442 234 429 238 421 240 420 240 420 240 419 240 331 239 121 236 82 242"/></Shape>
	    <String CONTENT="pas leur donner la charge &amp; le poids qu’ils doivent"
                    HPOS="80"
                    VPOS="194"
                    WIDTH="722"
                    HEIGHT="48"></String>
          </TextLine>

          
          
          <TextLine ID="eSc_line_eb601c84"
                    TAGREFS="LT608"
                    BASELINE="81 271 302 266 800 269" 
                    HPOS="77"
                    VPOS="231"
                    WIDTH="723"
                    HEIGHT="43">
            <Shape><Polygon POINTS="81 271 77 244 122 231 123 231 123 231 123 231 124 231 124 231 126 231 126 231 126 231 127 231 145 243 170 231 170 231 170 231 171 231 171 231 173 231 192 231 192 231 192 231 194 231 194 231 194 231 195 231 195 231 195 232 206 243 218 237 218 237 218 237 220 237 220 237 220 237 221 237 221 237 260 243 279 231 280 231 280 231 280 231 281 231 281 231 283 231 298 231 298 231 298 231 299 231 299 231 299 231 300 231 300 231 300 232 311 242 330 231 331 231 331 231 331 231 332 231 332 231 333 231 380 231 380 231 380 231 382 231 382 231 382 231 383 231 383 231 383 232 393 240 409 231 410 231 410 231 410 231 411 231 411 231 413 231 413 231 413 231 414 231 414 231 414 231 436 243 457 231 458 231 458 231 460 231 460 231 460 231 461 231 461 231 462 231 462 231 462 231 476 237 515 231 515 231 515 231 516 231 516 231 518 231 566 244 607 244 613 238 613 237 613 237 614 237 614 237 614 237 615 237 615 237 615 237 617 237 687 242 698 232 698 231 698 231 699 231 699 231 699 231 701 231 701 231 702 231 740 231 740 231 740 231 742 231 742 231 742 231 743 231 743 231 743 232 750 239 798 244 800 269 798 271 80 274"/></Shape>
	    <String CONTENT="avoir. Il en eſt ainſi du Sublime, ſi on l’aban¬"
                    HPOS="77"
                    VPOS="231"
                    WIDTH="723"
                    HEIGHT="43"></String>
          </TextLine>

          
          
          <TextLine ID="eSc_line_a5f48870"
                    TAGREFS="LT608"
                    BASELINE="81 308 800 305" 
                    HPOS="76"
                    VPOS="269"
                    WIDTH="724"
                    HEIGHT="43">
            <Shape><Polygon POINTS="81 308 76 283 91 271 91 271 92 271 92 271 93 271 93 271 93 271 95 271 95 271 143 279 169 271 170 271 170 271 171 271 213 271 213 271 213 271 215 271 215 271 215 271 216 271 216 271 223 279 233 271 234 271 234 271 234 271 236 271 236 271 236 271 237 271 237 271 238 271 262 278 283 271 284 271 284 271 284 271 285 271 285 271 286 271 286 271 286 271 302 280 316 270 317 270 317 270 317 270 319 270 319 270 319 270 320 270 320 270 321 270 348 278 467 270 468 270 468 270 468 270 469 270 469 270 471 270 484 279 507 270 507 270 508 270 508 270 508 270 509 270 509 270 510 270 542 279 565 269 565 269 566 269 566 269 566 269 567 269 567 269 567 269 607 279 670 279 676 273 676 271 676 271 677 271 677 271 677 271 678 271 678 271 678 271 680 271 680 271 681 271 681 271 681 271 682 271 692 279 797 279 800 305 798 311 81 312"/></Shape>
	    <String CONTENT="donne à la ſeule impetuoſité d’une Nature ignoran¬"
                    HPOS="76"
                    VPOS="269"
                    WIDTH="724"
                    HEIGHT="43"></String>
          </TextLine>

          
          
          <TextLine ID="eSc_line_d5d1e122"
                    TAGREFS="LT608"
                    BASELINE="82 347 800 344" 
                    HPOS="80"
                    VPOS="308"
                    WIDTH="720"
                    HEIGHT="42">
            <Shape><Polygon POINTS="82 347 80 322 108 321 121 310 121 310 122 310 122 310 122 310 123 310 123 310 123 310 124 310 124 310 126 310 126 310 126 310 144 320 158 311 159 311 159 311 160 311 160 311 160 311 162 311 162 311 209 317 249 310 249 310 249 310 251 310 251 310 252 310 285 320 309 310 309 310 310 310 310 310 310 310 311 310 311 310 349 316 374 310 375 310 375 310 377 310 377 310 378 310 418 320 436 308 437 308 437 308 439 308 439 308 440 308 481 308 481 308 481 308 482 308 482 308 482 308 483 308 483 308 495 318 521 308 521 308 523 308 523 308 524 308 524 308 524 308 570 317 598 308 599 308 599 308 599 308 601 308 601 308 602 308 640 320 797 320 800 344 798 348 82 350"/></Shape>
	    <String CONTENT="te &amp; temeraire. Noſtre eſprit aſſez ſouvent n&#39;a pas"
                    HPOS="80"
                    VPOS="308"
                    WIDTH="720"
                    HEIGHT="42"></String>
          </TextLine>

          
          
          <TextLine ID="eSc_line_02dfe9b9"
                    TAGREFS="LT608"
                    BASELINE="82 385 802 385" 
                    HPOS="81"
                    VPOS="347"
                    WIDTH="722"
                    HEIGHT="43">
            <Shape><Polygon POINTS="82 385 81 357 122 349 122 349 123 349 123 349 123 349 155 355 164 348 164 347 164 347 165 347 165 347 165 347 166 347 166 347 166 347 168 347 168 347 169 347 169 347 169 347 186 355 202 347 202 347 202 347 204 347 204 347 205 347 205 347 205 347 251 355 272 347 272 347 273 347 273 347 274 347 364 347 364 347 364 347 366 347 366 347 366 347 367 347 367 347 378 357 446 357 455 348 455 347 455 347 456 347 456 347 456 347 457 347 457 347 458 347 489 347 489 347 489 347 490 347 490 347 490 347 492 347 492 347 503 357 572 357 589 347 589 347 589 347 591 347 591 347 591 347 592 347 592 347 593 347 593 347 617 357 659 357 667 348 667 347 667 347 669 347 669 347 669 347 670 347 670 347 671 347 692 347 692 347 692 347 693 347 693 347 693 347 695 347 695 347 695 348 703 357 758 357 770 347 770 347 771 347 771 347 772 347 772 347 772 347 774 347 774 347 774 347 775 347 803 357 802 385 802 389 82 390"/></Shape>
	    <String CONTENT="moins beſoin de bride que d’éperon. Demoſthene dit"
                    HPOS="81"
                    VPOS="347"
                    WIDTH="722"
                    HEIGHT="43"></String>
          </TextLine>

          
          
          <TextLine ID="eSc_line_302e716e"
                    TAGREFS="LT608"
                    BASELINE="82 425 798 421" 
                    HPOS="80"
                    VPOS="385"
                    WIDTH="718"
                    HEIGHT="52">
            <Shape><Polygon POINTS="82 425 80 397 162 388 162 388 163 388 163 388 231 395 319 386 319 386 320 386 320 386 321 386 321 386 321 386 336 394 415 386 415 386 416 386 416 386 418 386 441 394 441 394 442 394 463 386 465 386 465 386 465 386 466 386 466 386 509 394 515 394 523 394 580 385 580 385 581 385 581 385 649 392 657 392 665 392 704 386 704 386 706 386 706 386 739 391 749 392 754 391 771 385 772 385 772 385 772 385 774 385 774 385 775 385 797 391 798 421 797 427 671 435 670 435 670 435 670 435 669 435 669 435 669 435 667 435 667 435 667 433 661 428 661 428 596 428 593 428 541 436 541 436 540 436 540 436 476 430 445 436 445 436 445 436 443 436 443 436 442 436 442 436 442 436 441 436 430 428 429 428 393 428 390 428 367 436 366 436 366 436 364 436 364 436 364 436 363 436 363 436 363 436 362 436 362 436 354 430 346 436 345 436 345 436 345 436 343 436 343 436 343 436 342 436 342 436 341 436 341 436 341 436 340 436 340 436 340 435 332 428 332 428 270 428 244 428 205 430 197 437 197 437 196 437 196 437 196 437 195 437 195 437 194 437 194 437 194 437 192 437 192 437 174 430 124 437 124 437 123 437 123 437 123 437 122 437 122 437 122 437 121 437 121 437 121 436 113 428 112 428 82 428"/></Shape>
	    <String CONTENT="en quelque endroit, que le plus grand bien qui puiſſe"
                    HPOS="80"
                    VPOS="385"
                    WIDTH="718"
                    HEIGHT="52"></String>
          </TextLine>

          
          
          <TextLine ID="eSc_line_3583fbe4"
                    TAGREFS="LT608"
                    BASELINE="82 463 800 459" 
                    HPOS="79"
                    VPOS="425"
                    WIDTH="721"
                    HEIGHT="43">
            <Shape><Polygon POINTS="82 463 79 438 103 431 105 431 105 431 106 431 253 436 262 428 262 427 262 427 263 427 263 427 263 427 264 427 264 427 264 427 325 426 326 426 326 426 327 426 356 435 380 426 380 426 382 426 382 426 383 426 383 426 383 426 384 426 410 435 410 436 457 436 458 435 474 426 474 426 474 426 476 426 476 426 476 426 477 426 477 426 529 435 535 435 537 435 557 425 557 425 557 425 558 425 558 425 560 425 560 425 560 425 561 425 589 433 598 426 598 425 598 425 599 425 599 425 599 425 601 425 601 425 602 425 602 425 670 433 678 433 693 432 777 426 779 426 779 426 779 426 780 426 798 432 800 459 798 467 82 468"/></Shape>
	    <String CONTENT="nous arriver dans la vie, c’eſt d’eſtre heureux: mais"
                    HPOS="79"
                    VPOS="425"
                    WIDTH="721"
                    HEIGHT="43"></String>
          </TextLine>

          
          
          <TextLine ID="eSc_line_c69c7870"
                    TAGREFS="LT608"
                    BASELINE="84 501 802 498" 
                    HPOS="80"
                    VPOS="464"
                    WIDTH="722"
                    HEIGHT="46">
            <Shape><Polygon POINTS="84 501 80 475 105 467 106 467 106 467 106 467 107 467 236 473 508 465 509 465 509 465 509 465 539 472 558 464 558 464 560 464 560 464 560 464 561 464 561 464 562 464 562 464 580 472 660 472 674 464 674 464 674 464 675 464 675 464 676 464 676 464 677 464 677 464 677 464 691 470 707 464 707 464 708 464 708 464 708 464 709 464 800 472 802 498 801 501 84 510"/></Shape>
	    <String CONTENT="qu’il y en a encore un autre qui n’eſt pas moindre, &amp;"
                    HPOS="80"
                    VPOS="464"
                    WIDTH="722"
                    HEIGHT="46"></String>
          </TextLine>

          
          
          <TextLine ID="eSc_line_e41f1b97"
                    TAGREFS="LT608"
                    BASELINE="82 538 802 536" 
                    HPOS="76"
                    VPOS="501"
                    WIDTH="726"
                    HEIGHT="42">
            <Shape><Polygon POINTS="82 538 76 514 82 506 84 506 84 505 84 505 85 505 85 505 85 505 86 505 86 505 86 505 87 505 87 505 119 510 136 502 136 502 136 502 137 502 137 502 138 502 138 502 138 502 139 502 163 509 223 502 223 502 225 502 309 510 345 502 345 502 345 502 346 502 346 502 413 510 439 501 439 501 440 501 440 501 441 501 441 501 441 501 442 501 442 501 458 507 512 501 512 501 513 501 513 501 513 501 514 501 514 501 514 501 515 501 524 507 531 501 531 501 533 501 533 501 533 501 534 501 534 501 535 501 580 501 580 501 580 501 581 501 581 501 581 501 582 501 582 501 582 502 588 507 597 501 598 501 598 501 598 501 599 501 599 501 599 501 601 501 601 501 602 501 602 501 624 510 692 510 702 501 702 501 703 501 703 501 703 501 704 501 704 501 706 501 706 501 707 501 707 501 707 501 708 501 708 501 717 509 737 501 737 501 738 501 738 501 739 501 739 501 739 501 740 501 763 509 779 501 779 501 779 501 780 501 780 501 781 501 781 501 781 501 782 501 782 501 801 510 802 536 801 541 82 543"/></Shape>
	    <String CONTENT="ſans lequel ce premier ne ſçauroit ſubſiſter, qui eſt de"
                    HPOS="76"
                    VPOS="501"
                    WIDTH="726"
                    HEIGHT="42"></String>
          </TextLine>

          
          
          <TextLine ID="eSc_line_d6a05e98"
                    TAGREFS="LT608"
                    BASELINE="84 577 802 574" 
                    HPOS="79"
                    VPOS="541"
                    WIDTH="723"
                    HEIGHT="41">
            <Shape><Polygon POINTS="84 577 79 552 92 542 92 542 93 542 93 542 95 542 95 542 95 542 96 542 96 542 97 542 97 542 97 542 113 549 158 542 158 542 158 542 159 542 159 542 160 542 160 542 181 549 196 542 196 542 196 542 197 542 197 542 199 542 199 542 199 542 200 542 225 551 267 551 274 543 274 542 274 542 275 542 275 542 275 542 277 542 277 542 277 542 278 542 411 549 466 541 466 541 467 541 467 541 467 541 504 547 520 542 521 542 521 542 521 542 523 542 523 542 524 542 524 542 524 542 525 542 525 542 525 543 530 548 547 541 547 541 549 541 549 541 549 541 550 541 800 549 802 574 801 578 84 582"/></Shape>
	    <String CONTENT="Sçavoir ſe conduire avec prudence. Nous en pouvons"
                    HPOS="79"
                    VPOS="541"
                    WIDTH="723"
                    HEIGHT="41"></String>
          </TextLine>

          
          
          <TextLine ID="eSc_line_67e0dbf6"
                    TAGREFS="LT608"
                    BASELINE="82 616 803 612" 
                    HPOS="77"
                    VPOS="575"
                    WIDTH="726"
                    HEIGHT="45">
            <Shape><Polygon POINTS="82 616 77 590 90 579 90 578 90 578 91 578 91 578 92 578 92 578 92 578 93 578 93 578 95 578 127 587 241 578 242 578 242 578 242 578 243 578 243 578 260 585 268 578 268 578 269 578 269 578 269 578 270 578 270 578 270 578 272 578 331 583 349 577 349 577 351 577 351 577 352 577 352 577 352 577 353 577 353 577 371 584 379 577 379 577 380 577 380 577 380 577 382 577 382 577 383 577 383 577 383 577 384 577 409 585 425 577 425 577 425 577 426 577 426 577 427 577 479 577 479 577 479 577 481 577 481 577 481 577 482 577 482 577 482 578 488 584 557 585 566 577 566 577 566 575 566 575 567 575 567 575 567 575 568 575 568 575 570 575 570 575 570 575 571 575 601 584 614 575 615 575 615 575 617 575 617 575 617 575 618 575 618 575 682 585 728 585 751 575 751 575 753 575 753 575 754 575 754 575 754 575 755 575 755 575 755 575 756 575 756 575 756 577 764 584 801 585 803 612 802 616 82 620"/></Shape>
	    <String CONTENT="dire autant à l’égard du Diſcours. La Nature eſt ce"
                    HPOS="77"
                    VPOS="575"
                    WIDTH="726"
                    HEIGHT="45"></String>
          </TextLine>

          
          
          <TextLine ID="eSc_line_12239db3"
                    TAGREFS="LT608"
                    BASELINE="85 654 802 648" 
                    HPOS="81"
                    VPOS="614"
                    WIDTH="721"
                    HEIGHT="49">
            <Shape><Polygon POINTS="85 654 81 630 110 619 110 619 111 619 111 619 112 619 112 619 186 627 195 620 195 619 195 619 196 619 196 619 196 619 197 619 197 619 197 619 199 619 314 626 371 616 371 616 371 616 372 616 372 616 427 626 507 626 544 615 545 615 545 615 546 615 546 615 546 615 547 615 547 615 547 615 549 615 560 624 636 624 649 615 649 615 650 615 650 615 651 615 651 615 651 615 652 615 652 615 654 615 654 615 654 615 670 622 706 622 713 615 713 614 713 614 714 614 714 614 714 614 716 614 716 614 716 614 717 614 717 614 718 614 718 614 718 614 719 614 734 624 800 624 802 648 801 654 85 663"/></Shape>
	    <String CONTENT="qu’il y a de plus neceſſaire pour arriver au Grand: tou¬"
                    HPOS="81"
                    VPOS="614"
                    WIDTH="721"
                    HEIGHT="49"></String>
          </TextLine>

          
          
          <TextLine ID="eSc_line_61231f6c"
                    TAGREFS="LT608"
                    BASELINE="82 693 802 688" 
                    HPOS="79"
                    VPOS="652"
                    WIDTH="723"
                    HEIGHT="46">
            <Shape><Polygon POINTS="82 693 79 668 106 656 106 656 107 656 107 656 107 656 108 656 307 664 366 663 374 654 374 654 374 654 375 654 375 654 377 654 377 654 377 654 378 654 378 654 457 663 467 654 467 653 467 653 468 653 468 653 468 653 469 653 469 653 471 653 471 653 471 653 472 653 472 653 490 661 508 653 508 653 509 653 509 653 509 653 510 653 510 653 512 653 512 653 536 663 582 663 591 654 591 653 591 653 592 653 592 653 592 653 593 653 593 653 593 653 594 653 594 653 596 653 596 653 596 653 597 653 608 662 617 654 617 654 618 654 618 654 618 654 619 654 619 654 620 654 620 654 685 662 696 653 696 652 696 652 697 652 697 652 698 652 698 652 698 652 699 652 699 652 701 652 701 652 701 652 702 652 716 662 729 652 730 652 730 652 730 652 732 652 732 652 732 652 733 652 733 652 734 652 734 652 734 652 735 652 735 652 748 663 800 663 802 688 801 693 82 698"/></Shape>
	    <String CONTENT="tefois ſi l’Art ne prend ſoin de la conduite, c’eſt une"
                    HPOS="79"
                    VPOS="652"
                    WIDTH="723"
                    HEIGHT="46"></String>
          </TextLine>

          
          
          <TextLine ID="eSc_line_95713937"
                    TAGREFS="LT608"
                    BASELINE="82 730 493 729 536 719 800 715" 
                    HPOS="77"
                    VPOS="690"
                    WIDTH="721"
                    HEIGHT="46">
            <Shape><Polygon POINTS="81 729 77 704 154 695 155 695 155 695 216 701 231 694 231 694 231 694 232 694 232 694 233 694 233 694 233 694 234 694 234 694 234 694 236 694 236 694 244 701 244 703 288 703 288 701 295 695 295 694 295 694 296 694 296 694 296 694 298 694 298 694 299 694 299 694 299 694 300 694 300 694 300 694 301 694 301 694 309 701 309 701 310 701 333 694 335 694 335 694 336 694 336 694 336 694 369 701 373 701 373 701 383 693 383 693 384 693 384 693 384 693 385 693 385 693 387 693 387 693 387 693 388 693 388 693 388 693 403 700 422 693 422 693 424 693 424 693 425 693 425 693 503 700 513 700 516 700 545 692 546 692 546 692 547 692 645 692 645 692 645 692 646 692 646 692 646 692 648 692 648 692 656 699 664 693 665 693 665 693 665 693 666 693 666 693 666 693 667 693 667 693 702 698 703 698 703 698 713 690 714 690 714 690 714 690 716 690 716 690 716 690 717 690 717 690 718 690 718 690 718 690 719 690 730 698 730 698 732 698 765 690 765 690 765 690 766 690 766 690 768 690 796 698 798 714 796 724 775 724 772 725 764 732 764 732 763 732 763 732 763 732 761 732 761 732 760 732 760 732 760 732 759 732 759 732 758 732 758 732 748 725 745 724 707 724 704 725 695 734 695 734 693 734 693 734 693 734 692 734 692 734 691 734 691 734 691 734 690 734 690 734 690 734 688 734 688 734 688 732 681 726 681 725 544 725 521 725 519 727 512 735 512 736 512 736 510 736 510 736 510 736 509 736 509 736 508 736 80 732"/></Shape>
	    <String CONTENT="aveugle qui ne ſçait où elle va. ************"
                    HPOS="77"
                    VPOS="690"
                    WIDTH="721"
                    HEIGHT="46"></String>
          </TextLine>

          
          
          <TextLine ID="eSc_line_5b823444"
                    TAGREFS="LT608"
                    BASELINE="84 769 800 766" 
                    HPOS="80"
                    VPOS="731"
                    WIDTH="718"
                    HEIGHT="43">
            <Shape><Polygon POINTS="82 768 80 736 137 734 138 734 138 734 139 734 148 736 169 742 187 736 196 734 197 734 197 734 197 734 199 734 199 734 200 734 200 734 200 734 201 734 201 734 201 735 204 736 207 741 296 742 310 737 321 732 321 732 322 732 322 732 324 732 378 732 378 732 378 732 379 732 379 732 393 737 401 741 424 737 452 734 452 734 453 734 453 734 453 734 476 739 489 741 498 739 514 732 514 732 515 732 515 732 516 732 516 732 516 732 545 739 557 741 609 741 610 739 618 732 618 731 618 731 619 731 619 731 619 731 620 731 620 731 622 731 622 731 622 731 623 731 650 740 652 740 654 740 672 731 672 731 674 731 674 731 674 731 675 731 675 731 676 731 676 731 699 740 701 741 796 741 798 764 797 774 82 774"/></Shape>
	    <String CONTENT="Telles ſont ces pénſées: Les Torrens de flamme en¬"
                    HPOS="80"
                    VPOS="731"
                    WIDTH="718"
                    HEIGHT="43"></String>
          </TextLine>

          
          
          <TextLine ID="eSc_line_ed236c8b"
                    TAGREFS="LT608"
                    BASELINE="82 808 800 804" 
                    HPOS="77"
                    VPOS="768"
                    WIDTH="721"
                    HEIGHT="43">
            <Shape><Polygon POINTS="81 806 77 782 133 771 133 771 134 771 180 771 180 771 180 771 181 771 181 771 181 771 183 771 183 771 183 772 191 781 192 781 200 781 279 771 279 771 280 771 280 771 281 771 281 771 281 771 298 779 301 781 306 779 320 774 321 774 321 774 321 774 322 774 378 778 399 779 400 778 409 771 409 769 409 769 410 769 410 769 410 769 411 769 411 769 411 769 413 769 413 769 414 769 414 769 414 769 430 778 434 779 440 778 468 769 469 769 469 769 471 769 471 769 471 769 472 769 472 769 473 769 483 776 498 769 498 769 499 769 499 769 499 769 500 769 500 769 502 769 502 769 502 769 503 769 503 769 503 771 510 777 512 779 518 777 530 772 530 772 531 772 531 772 533 772 533 772 533 772 555 776 562 769 562 768 562 768 563 768 563 768 563 768 565 768 565 768 565 768 566 768 566 768 566 768 567 768 589 776 597 779 613 779 615 776 623 769 623 768 623 768 624 768 624 768 624 768 625 768 625 768 627 768 627 768 627 768 628 768 628 768 628 768 641 776 646 778 652 776 664 771 664 771 665 771 665 771 665 771 666 771 666 771 701 774 708 776 709 774 716 769 716 768 716 768 717 768 717 768 717 768 718 768 718 768 718 768 719 768 719 768 721 768 721 768 721 768 722 768 722 768 729 774 735 779 754 779 758 774 764 769 764 768 764 768 765 768 765 768 765 768 766 768 766 768 768 768 768 768 768 768 796 774 798 803 797 808 81 811"/></Shape>
	    <String CONTENT="tortillés. Vomir contre le Ciel. Faire de Borée ſon"
                    HPOS="77"
                    VPOS="768"
                    WIDTH="721"
                    HEIGHT="43"></String>
          </TextLine>

          
          
          <TextLine ID="eSc_line_9b51a862"
                    TAGREFS="LT608"
                    BASELINE="82 845 748 844 800 842" 
                    HPOS="76"
                    VPOS="808"
                    WIDTH="722"
                    HEIGHT="47">
            <Shape><Polygon POINTS="81 844 76 819 87 811 89 811 89 811 89 811 90 811 90 811 90 811 91 811 176 816 184 810 184 809 184 809 185 809 185 809 185 809 186 809 186 809 187 809 187 809 187 809 189 809 189 809 206 816 217 809 218 809 218 809 218 809 220 809 220 809 221 809 221 809 286 818 310 818 317 810 317 809 317 809 319 809 319 809 319 809 320 809 320 809 320 809 321 809 321 809 322 809 322 809 345 816 431 816 439 809 439 809 440 809 440 809 440 809 441 809 441 809 442 809 442 809 442 809 478 816 481 818 577 818 578 816 584 810 584 809 584 809 586 809 586 809 586 809 587 809 587 809 587 809 588 809 675 815 678 815 680 815 698 808 698 808 699 808 699 808 701 808 701 808 701 808 702 808 702 808 702 808 703 808 703 808 711 814 760 808 760 808 761 808 761 808 761 808 796 815 798 841 797 851 81 855"/></Shape>
	    <String CONTENT="joüeur de flûtes, &amp; toutes les autres façons de parler"
                    HPOS="76"
                    VPOS="808"
                    WIDTH="722"
                    HEIGHT="47"></String>
          </TextLine>

          
          
          <TextLine ID="eSc_line_6fe96a37"
                    TAGREFS="LT608"
                    BASELINE="84 884 779 881 800 880" 
                    HPOS="77"
                    VPOS="847"
                    WIDTH="721"
                    HEIGHT="46">
            <Shape><Polygon POINTS="82 883 77 862 87 851 87 851 87 850 87 850 89 850 89 850 90 850 90 850 90 850 91 850 91 850 149 858 197 852 197 852 199 852 199 852 242 858 260 850 260 850 260 850 262 850 262 850 263 850 263 850 333 857 351 849 351 849 351 849 352 849 352 849 353 849 353 849 353 849 354 849 380 857 400 849 400 849 401 849 401 849 401 849 403 849 403 849 472 857 473 858 492 858 492 857 500 850 500 849 500 849 502 849 502 849 502 849 503 849 503 849 504 849 504 849 561 856 572 847 572 847 573 847 573 847 573 847 575 847 575 847 576 847 576 847 576 847 623 856 625 857 675 857 676 856 683 849 683 847 683 847 685 847 685 847 685 847 686 847 686 847 687 847 687 847 687 847 721 855 727 856 796 855 798 879 797 886 550 884 503 886 385 892 384 892 384 892 384 892 383 892 383 892 383 892 382 892 382 892 382 891 377 886 375 886 317 886 300 886 199 893 197 893 81 886"/></Shape>
	    <String CONTENT="dont cette piece eſt pleine. Car elles ne ſont pas"
                    HPOS="77"
                    VPOS="847"
                    WIDTH="721"
                    HEIGHT="46"></String>
          </TextLine>

          
          
          <TextLine ID="eSc_line_9ab4d6e4"
                    TAGREFS="LT608"
                    BASELINE="89 923 801 919" 
                    HPOS="86"
                    VPOS="886"
                    WIDTH="715"
                    HEIGHT="47">
            <Shape><Polygon POINTS="89 923 86 897 145 888 145 888 147 888 147 888 147 888 186 895 194 889 194 888 194 888 195 888 195 888 195 888 196 888 196 888 197 888 197 888 197 888 199 888 222 895 223 895 242 895 269 895 275 889 275 888 275 888 277 888 277 888 277 888 278 888 278 888 278 888 279 888 382 894 419 887 419 887 419 887 420 887 420 887 421 887 448 894 495 887 495 887 497 887 497 887 557 894 558 894 558 894 570 886 570 886 571 886 571 886 571 886 572 886 572 886 573 886 573 886 573 886 575 886 597 894 798 894 801 919 800 926 162 926 89 933"/></Shape>
	    <String CONTENT="grandes &amp; tragiques, mais enflées &amp; extravagantes."
                    HPOS="86"
                    VPOS="886"
                    WIDTH="715"
                    HEIGHT="47"></String>
          </TextLine>

          
          
          <TextLine ID="eSc_line_3c93aa04"
                    TAGREFS="LT608"
                    BASELINE="89 962 805 957" 
                    HPOS="86"
                    VPOS="921"
                    WIDTH="719"
                    HEIGHT="45">
            <Shape><Polygon POINTS="89 962 86 936 241 935 264 924 264 924 265 924 265 924 267 924 267 924 351 933 364 924 366 924 366 924 367 924 367 924 367 924 469 923 471 923 471 923 472 923 493 929 563 923 563 923 565 923 565 923 566 923 596 931 604 924 604 923 604 923 605 923 605 923 605 923 607 923 607 923 607 923 608 923 608 923 609 923 609 923 631 930 675 921 675 921 675 921 676 921 676 921 728 930 738 923 738 921 738 921 739 921 739 921 740 921 740 921 740 921 742 921 742 921 743 921 743 921 743 921 744 921 744 921 744 923 753 931 802 931 805 957 803 961 89 966"/></Shape>
	    <String CONTENT="Toutes ces phraſes ainſi embarraſſées de vaines ima¬"
                    HPOS="86"
                    VPOS="921"
                    WIDTH="719"
                    HEIGHT="45"></String>
          </TextLine>

          
          
          <TextLine ID="eSc_line_d1bdf4c4"
                    TAGREFS="LT608"
                    BASELINE="87 1001 805 996" 
                    HPOS="84"
                    VPOS="960"
                    WIDTH="721"
                    HEIGHT="52">
            <Shape><Polygon POINTS="87 1001 84 973 103 963 103 963 103 963 105 963 105 963 106 963 106 963 106 963 107 963 107 963 126 971 153 963 154 963 154 963 155 963 155 963 155 963 157 963 157 963 176 972 242 972 265 962 265 962 267 962 267 962 268 962 268 962 343 970 359 963 359 963 361 963 361 963 361 963 362 963 362 963 362 963 393 970 507 961 508 961 508 961 598 968 622 960 622 960 623 960 623 960 624 960 624 960 690 967 785 960 786 960 786 960 786 960 787 960 787 960 787 960 803 968 805 996 803 999 410 1009 409 1009 385 1007 343 1003 122 1004 87 1012"/></Shape>
	    <String CONTENT="ginations troublent &amp; gaſtent plus un diſcours, qu&#39;el¬"
                    HPOS="84"
                    VPOS="960"
                    WIDTH="721"
                    HEIGHT="52"></String>
          </TextLine>

          
          
          <TextLine ID="eSc_line_b4aca0cb"
                    TAGREFS="LT608"
                    BASELINE="86 1038 806 1033" 
                    HPOS="84"
                    VPOS="998"
                    WIDTH="722"
                    HEIGHT="46">
            <Shape><Polygon POINTS="86 1038 84 1007 341 1001 342 1001 342 1001 388 1007 403 1008 405 1007 410 1002 410 1001 410 1001 411 1001 411 1001 411 1001 413 1001 413 1001 413 1001 414 1001 414 1001 415 1001 439 1007 441 1007 443 1007 463 999 463 999 465 999 465 999 466 999 466 999 520 1007 526 1007 533 1007 575 999 575 999 576 999 716 1005 723 999 723 998 723 998 724 998 724 998 724 998 725 998 725 998 725 998 727 998 727 998 728 998 728 998 728 998 729 998 729 998 739 1007 766 1007 774 999 774 998 774 998 775 998 775 998 775 998 776 998 776 998 777 998 777 998 777 998 779 998 805 1007 806 1033 805 1039 86 1044"/></Shape>
	    <String CONTENT="les ne ſervent à l’eſlever. De ſorte qu’à les regarder de"
                    HPOS="84"
                    VPOS="998"
                    WIDTH="722"
                    HEIGHT="46"></String>
          </TextLine>

          
          
          <TextLine ID="eSc_line_0b110a78"
                    TAGREFS="LT608"
                    BASELINE="89 1076 810 1072" 
                    HPOS="85"
                    VPOS="1039"
                    WIDTH="725"
                    HEIGHT="49">
            <Shape><Polygon POINTS="89 1076 85 1052 118 1041 119 1041 119 1041 119 1041 121 1041 121 1041 121 1041 122 1041 122 1041 142 1050 164 1043 165 1043 165 1043 165 1043 166 1043 166 1043 241 1050 246 1050 252 1050 326 1040 326 1040 327 1040 327 1040 385 1047 395 1050 476 1050 486 1046 508 1040 509 1040 509 1040 510 1040 510 1040 510 1040 512 1040 512 1040 512 1040 523 1046 529 1049 549 1045 589 1039 589 1039 591 1039 644 1039 644 1039 644 1039 645 1039 662 1044 674 1047 685 1044 697 1039 697 1039 698 1039 698 1039 699 1039 699 1039 699 1039 701 1039 701 1039 712 1044 721 1046 735 1043 754 1039 754 1039 754 1039 755 1039 755 1039 756 1039 756 1039 766 1043 775 1046 777 1043 781 1040 781 1039 781 1039 782 1039 782 1039 782 1039 784 1039 784 1039 784 1039 785 1039 785 1039 807 1043 810 1072 808 1076 575 1077 566 1081 550 1086 549 1086 549 1086 549 1086 547 1086 483 1082 420 1078 415 1083 413 1085 413 1086 413 1086 411 1086 411 1086 411 1086 410 1086 410 1086 410 1086 409 1086 409 1086 390 1083 359 1080 293 1086 268 1087 268 1087 267 1087 246 1086 144 1080 89 1088"/></Shape>
	    <String CONTENT="prés &amp; au grand jour, ce qui paroiſſoit d’abord ſi"
                    HPOS="85"
                    VPOS="1039"
                    WIDTH="725"
                    HEIGHT="49"></String>
          </TextLine>

          
          
          <TextLine ID="eSc_line_f91e5da2"
                    TAGREFS="LT608"
                    BASELINE="87 1115 810 1111" 
                    HPOS="85"
                    VPOS="1076"
                    WIDTH="725"
                    HEIGHT="44">
            <Shape><Polygon POINTS="87 1115 85 1088 132 1080 132 1080 133 1080 171 1080 171 1080 171 1080 173 1080 173 1080 173 1080 174 1080 184 1087 202 1080 202 1080 204 1080 204 1080 205 1080 205 1080 205 1080 242 1087 244 1087 312 1087 359 1087 367 1080 367 1078 367 1078 368 1078 368 1078 368 1078 369 1078 369 1078 371 1078 371 1078 371 1078 372 1078 372 1078 389 1087 445 1087 469 1077 469 1077 471 1077 471 1077 472 1077 472 1077 473 1077 473 1077 494 1085 519 1077 520 1077 520 1077 520 1077 521 1077 521 1077 523 1077 523 1077 523 1077 537 1085 555 1077 555 1077 556 1077 556 1077 556 1077 557 1077 557 1077 604 1085 612 1078 612 1077 612 1077 613 1077 613 1077 613 1077 614 1077 614 1077 615 1077 615 1077 615 1077 649 1083 656 1077 656 1076 656 1076 657 1076 657 1076 657 1076 659 1076 659 1076 660 1076 660 1076 660 1076 661 1076 686 1085 712 1085 719 1077 719 1076 719 1076 721 1076 721 1076 721 1076 722 1076 722 1076 722 1076 723 1076 723 1076 724 1076 724 1076 745 1083 763 1076 763 1076 764 1076 764 1076 764 1076 765 1076 765 1076 765 1076 766 1076 766 1076 768 1076 768 1076 768 1076 775 1083 795 1076 795 1076 796 1076 796 1076 797 1076 797 1076 797 1076 798 1076 798 1076 798 1076 800 1076 800 1076 810 1085 810 1111 808 1115 87 1120"/></Shape>
	    <String CONTENT="terrible devient tout-à-coup ſot gtidicule Que ſi c’eſt"
                    HPOS="85"
                    VPOS="1076"
                    WIDTH="725"
                    HEIGHT="44"></String>
          </TextLine>

          
          
          <TextLine ID="eSc_line_1dbcd362"
                    TAGREFS="LT608"
                    BASELINE="89 1154 810 1149" 
                    HPOS="86"
                    VPOS="1113"
                    WIDTH="724"
                    HEIGHT="52">
            <Shape><Polygon POINTS="89 1154 86 1128 126 1127 134 1118 134 1117 134 1117 136 1117 136 1117 136 1117 137 1117 137 1117 137 1117 138 1117 138 1117 139 1117 139 1117 139 1117 153 1123 176 1117 178 1117 178 1117 179 1117 179 1117 179 1117 180 1117 180 1117 181 1117 181 1117 192 1125 225 1117 226 1117 226 1117 227 1117 227 1117 227 1117 228 1117 228 1117 228 1117 230 1117 230 1117 230 1118 238 1125 264 1115 264 1115 265 1115 265 1115 267 1115 267 1115 267 1115 268 1115 268 1115 268 1115 269 1115 269 1115 269 1117 277 1124 322 1125 346 1125 356 1117 356 1115 357 1115 357 1115 357 1115 358 1115 358 1115 359 1115 389 1115 389 1115 389 1115 390 1115 390 1115 390 1115 392 1115 406 1125 424 1115 424 1115 424 1115 425 1115 425 1115 425 1115 426 1115 426 1115 427 1115 427 1115 427 1115 429 1115 429 1115 440 1125 476 1114 477 1114 477 1114 478 1114 478 1114 478 1114 479 1114 479 1114 502 1124 514 1114 514 1114 515 1114 515 1114 515 1114 516 1114 516 1114 518 1114 518 1114 518 1114 562 1123 603 1114 603 1114 603 1114 604 1114 604 1114 604 1114 605 1114 635 1124 711 1124 728 1113 729 1113 729 1113 730 1113 730 1113 730 1113 732 1113 732 1113 733 1113 733 1113 733 1113 753 1124 807 1124 810 1149 808 1154 583 1162 582 1162 359 1157 336 1157 326 1157 239 1165 238 1165 238 1165 238 1165 237 1165 218 1159 217 1159 216 1159 179 1165 179 1165 179 1165 178 1165 87 1159"/></Shape>
	    <String CONTENT="un defaut inſupportable dans la Tragedie, qui eſt na¬"
                    HPOS="86"
                    VPOS="1113"
                    WIDTH="724"
                    HEIGHT="52"></String>
          </TextLine>

          
          
          <TextLine ID="eSc_line_9500e83e"
                    TAGREFS="LT608"
                    BASELINE="90 1192 810 1188" 
                    HPOS="87"
                    VPOS="1155"
                    WIDTH="723"
                    HEIGHT="48">
            <Shape><Polygon POINTS="90 1192 87 1167 126 1166 134 1157 134 1157 134 1157 136 1157 136 1157 137 1157 137 1157 137 1157 138 1157 138 1157 199 1165 356 1164 362 1157 362 1156 362 1156 363 1156 363 1156 363 1156 364 1156 364 1156 366 1156 366 1156 366 1156 367 1156 393 1164 405 1156 406 1156 406 1156 408 1156 408 1156 408 1156 409 1156 409 1156 410 1156 410 1156 430 1164 508 1156 508 1156 509 1156 664 1162 667 1162 667 1162 675 1156 675 1155 675 1155 676 1155 676 1155 676 1155 677 1155 677 1155 677 1155 678 1155 678 1155 680 1155 680 1155 699 1162 714 1155 714 1155 714 1155 716 1155 716 1155 716 1155 717 1155 807 1162 810 1188 808 1193 623 1201 622 1201 622 1201 622 1201 620 1201 620 1201 607 1195 604 1195 599 1195 561 1202 561 1202 560 1202 406 1196 387 1196 337 1196 337 1196 331 1202 331 1203 331 1203 330 1203 330 1203 330 1203 328 1203 328 1203 327 1203 89 1197"/></Shape>
	    <String CONTENT="turellement pompeuſe &amp; magnifique, que de s’enfler"
                    HPOS="87"
                    VPOS="1155"
                    WIDTH="723"
                    HEIGHT="48"></String>
          </TextLine>

          
          
          <TextLine ID="eSc_line_e6fa53a9"
                    TAGREFS="LT608"
                    BASELINE="90 1230 810 1225" 
                    HPOS="87"
                    VPOS="1192"
                    WIDTH="723"
                    HEIGHT="54">
            <Shape><Polygon POINTS="90 1230 87 1204 126 1196 126 1196 126 1196 127 1196 242 1201 264 1202 265 1201 272 1196 272 1195 272 1195 273 1195 273 1195 273 1195 274 1195 274 1195 275 1195 379 1199 427 1201 437 1198 453 1193 455 1193 455 1193 455 1193 456 1193 456 1193 457 1193 457 1193 468 1197 474 1199 489 1197 514 1193 514 1193 515 1193 515 1193 541 1196 566 1199 570 1196 572 1195 572 1193 572 1193 573 1193 573 1193 573 1193 575 1193 575 1193 576 1193 641 1195 789 1198 805 1192 810 1225 808 1235 325 1237 325 1238 319 1243 319 1244 319 1244 317 1244 317 1244 317 1244 316 1244 316 1244 316 1244 315 1244 315 1244 278 1238 277 1238 277 1238 265 1245 264 1245 264 1245 264 1245 263 1245 263 1245 263 1245 262 1245 262 1245 260 1245 238 1239 232 1244 232 1245 232 1245 231 1245 231 1245 231 1245 230 1245 230 1245 230 1246 150 1246 149 1245 149 1245 148 1245 148 1245 148 1245 147 1245 147 1245 139 1239 119 1245 118 1245 118 1245 118 1245 117 1245 117 1245 116 1245 87 1238"/></Shape>
	    <String CONTENT="mal à propos; A plus forte raiſon doit-il eſtre condamné"
                    HPOS="87"
                    VPOS="1192"
                    WIDTH="723"
                    HEIGHT="54"></String>
          </TextLine>

          
          
          <TextLine ID="eSc_line_92bfa670"
                    TAGREFS="LT608"
                    BASELINE="807 715 907 713" 
                    HPOS="803"
                    VPOS="687"
                    WIDTH="103"
                    HEIGHT="35">
            <Shape><Polygon POINTS="806 714 803 687 904 693 906 711 905 718 806 722"/></Shape>
	    <String CONTENT="L&#39;Auteur a¬"
                    HPOS="803"
                    VPOS="687"
                    WIDTH="103"
                    HEIGHT="35"></String>
          </TextLine>

          
          
          <TextLine ID="eSc_line_817b2624"
                    TAGREFS="LT608"
                    BASELINE="807 732 906 732" 
                    HPOS="805"
                    VPOS="714"
                    WIDTH="100"
                    HEIGHT="23">
            <Shape><Polygon POINTS="806 731 806 714 905 714 905 731 904 737 805 736"/></Shape>
	    <String CONTENT="voit parlé du"
                    HPOS="805"
                    VPOS="714"
                    WIDTH="100"
                    HEIGHT="23"></String>
          </TextLine>

          
          
          <TextLine ID="eSc_line_68ee9c15"
                    TAGREFS="LT608"
                    BASELINE="807 747 904 750" 
                    HPOS="805"
                    VPOS="730"
                    WIDTH="97"
                    HEIGHT="26">
            <Shape><Polygon POINTS="806 746 806 730 901 731 902 748 901 756 805 756"/></Shape>
	    <String CONTENT="Stile enflé, &amp;"
                    HPOS="805"
                    VPOS="730"
                    WIDTH="97"
                    HEIGHT="26"></String>
          </TextLine>

          
          
          <TextLine ID="eSc_line_47b8ee08"
                    TAGREFS="LT608"
                    BASELINE="807 766 904 766" 
                    HPOS="806"
                    VPOS="750"
                    WIDTH="96"
                    HEIGHT="24">
            <Shape><Polygon POINTS="806 764 806 750 902 750 902 764 902 773 806 774"/></Shape>
	    <String CONTENT="citoit à propos"
                    HPOS="806"
                    VPOS="750"
                    WIDTH="96"
                    HEIGHT="24"></String>
          </TextLine>

          
          
          <TextLine ID="eSc_line_44f836a6"
                    TAGREFS="LT608"
                    BASELINE="807 787 904 783" 
                    HPOS="803"
                    VPOS="767"
                    WIDTH="99"
                    HEIGHT="26">
            <Shape><Polygon POINTS="806 785 803 771 899 767 902 782 902 788 806 793"/></Shape>
	    <String CONTENT="de celui les ſotti¬"
                    HPOS="803"
                    VPOS="767"
                    WIDTH="99"
                    HEIGHT="26"></String>
          </TextLine>

          
          
          <TextLine ID="eSc_line_6fbde73a"
                    TAGREFS="LT608"
                    BASELINE="807 804 905 803" 
                    HPOS="803"
                    VPOS="784"
                    WIDTH="101"
                    HEIGHT="29">
            <Shape><Polygon POINTS="806 803 803 787 900 784 904 802 904 808 806 813"/></Shape>
	    <String CONTENT="ſes d&#39;un Poëte"
                    HPOS="803"
                    VPOS="784"
                    WIDTH="101"
                    HEIGHT="29"></String>
          </TextLine>

          
          
          <TextLine ID="eSc_line_c036fbb1"
                    TAGREFS="LT608"
                    BASELINE="807 823 904 820" 
                    HPOS="803"
                    VPOS="802"
                    WIDTH="99"
                    HEIGHT="27">
            <Shape><Polygon POINTS="806 821 803 806 899 802 902 819 901 828 806 829"/></Shape>
	    <String CONTENT="tragique, dont"
                    HPOS="803"
                    VPOS="802"
                    WIDTH="99"
                    HEIGHT="27"></String>
          </TextLine>

          
          
          <TextLine ID="eSc_line_17c2ce2e"
                    TAGREFS="LT608"
                    BASELINE="807 841 904 837" 
                    HPOS="803"
                    VPOS="821"
                    WIDTH="99"
                    HEIGHT="25">
            <Shape><Polygon POINTS="806 840 803 824 899 821 902 836 902 842 806 846"/></Shape>
	    <String CONTENT="voici quelques"
                    HPOS="803"
                    VPOS="821"
                    WIDTH="99"
                    HEIGHT="25"></String>
          </TextLine>

          
          
          <TextLine ID="eSc_line_c6138ea7"
                    TAGREFS="LT608"
                    BASELINE="807 860 904 856" 
                    HPOS="803"
                    VPOS="840"
                    WIDTH="99"
                    HEIGHT="27">
            <Shape><Polygon POINTS="806 858 803 844 899 840 902 855 901 867 806 867"/></Shape>
	    <String CONTENT="restes. Voy"
                    HPOS="803"
                    VPOS="840"
                    WIDTH="99"
                    HEIGHT="27"></String>
          </TextLine>

          
          
          <TextLine ID="eSc_line_7eda5062"
                    TAGREFS="LT608"
                    BASELINE="807 879 890 874" 
                    HPOS="803"
                    VPOS="856"
                    WIDTH="86"
                    HEIGHT="30">
            <Shape><Polygon POINTS="806 878 803 860 885 856 889 873 889 884 806 886"/></Shape>
	    <String CONTENT="les Remar¬"
                    HPOS="803"
                    VPOS="856"
                    WIDTH="86"
                    HEIGHT="30"></String>
          </TextLine>

          
          
          <TextLine ID="eSc_line_7c7b6a8c"
                    TAGREFS="LT608"
                    BASELINE="807 895 852 895" 
                    HPOS="807"
                    VPOS="878"
                    WIDTH="45"
                    HEIGHT="32">
            <Shape><Polygon POINTS="807 895 807 878 852 878 852 895 852 908 807 910"/></Shape>
	    <String CONTENT="ques."
                    HPOS="807"
                    VPOS="878"
                    WIDTH="45"
                    HEIGHT="32"></String>
          </TextLine>

          
        </TextBlock>
        
        <TextBlock HPOS="771"
                   VPOS="52"
                   WIDTH="27"
                   HEIGHT="30"
                   ID="eSc_textblock_1813d05a"
                   TAGREFS="BT1788">
          <Shape><Polygon POINTS="771 52 771 82 798 82 798 52"/></Shape>
          
        </TextBlock>
        
        <TextBlock HPOS="199"
                   VPOS="34"
                   WIDTH="470"
                   HEIGHT="35"
                   ID="eSc_textblock_0a458e53"
                   TAGREFS="BT1790">
          <Shape><Polygon POINTS="199 34 199 69 669 69 669 34"/></Shape>
          
        </TextBlock>
        
        <TextBlock HPOS="805"
                   VPOS="699"
                   WIDTH="107"
                   HEIGHT="204"
                   ID="eSc_textblock_6b3f322d"
                   TAGREFS="BT1787">
          <Shape><Polygon POINTS="806 699 805 769 807 901 912 903 912 699"/></Shape>
          
        </TextBlock>
        

        
      </PrintSpace>
    </Page>
  </Layout>
</alto>
