1024 1483
213 55 498 46 CHANT PREMIER.

789 69 38 45 155

115 106 695 46 Vers cet endroit du Chœur, où le Chantre orgueilleux

112 145 647 47 Montre, aſſis à ta gauche, un front ſi ſourcilleux,

112 182 621 46 Sur ce rang d’ais ſerrés qui forment ſa closture,

111 222 519 44 Fut jadis un Lutrin d’inegale ſtructure,

110 261 594 40 Dont les flancs eſlargis, de leur vaſte contour

111 304 653 35 Ombrageoient pleinement tous les lieux d’alentour.

112 334 653 50 Derriere ce Lutrin, ainſi qu’au ſond d’un antre,

111 374 606 48 A peine ſur ſon banc on diſcernoit le Chantre:

108 412 554 42 Tandis qu'à l’autre banc le Prelat radieux

110 453 607 40 Découvert au grand jour attiroit tous les yeux.

113 490 582 46 Mais un Demon fatal à cette ample machine,

112 527 580 45 Soit qu’une main la nuit euſt hasté ſa ruine,

107 564 617 48 Soit qu’ainſi de tout temps l’ordonnaſt le destin,

108 608 574 38 Fit tomber à nos yeux le Pupitre un matin.

113 642 652 50 J'eus beau prendre le Ciel & le Chantre à partie:

108 680 528 45 Il falut l’emporter dans nostre Sacriſtie,

106 719 584 47 Où depuis trente hyvers ſans gloire enſeveli,

105 760 624 42 Il languit tout poudreux daus un honteux oubli.

110 798 682 41 Enten moi donc, Prélat. Dés que l’ombre tranquille

108 836 598 46 Viendra d’un crespe noir envelopper la ville:

107 872 689 51 Il faut que trois de nous, ſans tumulte, & ſans bruit,

106 910 535 49 Partent à la faveur de la naiſſante nuit,

103 951 527 46 Et du Lutrin rompu reüniſſant la maſſe,

108 991 603 39 Aillent d’un zele adroit le remettre en ſa place.

106 1025 521 43 Si le Chantre demain oſe le renverſer,

106 1066 532 46 Alors de cent Arreſts tu le peux terraßer.

108 1102 634 44 Pour ſoûtenir tes droits, que le Ciel authoriſe,

105 1140 581 51 Abiſme tout pluſtoſt, c’eſt l’eſprit de l'Egliſe.

103 1181 569 47 C’eſt par là qu’un Prelat ſignale ſa vigueur.

105 1221 613 51 Ne borne pas ta gloire à prier dans un chœur.

666 1268 58 38 V ij
