1024 1483
190 91 728 47 eſtre chargé de peu de matiere, & que c'eſtoit

190 130 728 49 à l’Invention à la ſoûtenir & à l'eſtendre. La

190 173 728 48 choſe fit ſort conteſtée. On s’échauffa beau¬

194 217 723 46 coup; Mais aprés biendes raiſons alleguées pour

190 260 731 48 & contre, il arriva ce qui arrive ordinairement

189 302 723 50 en toutes ces ſortes de diſputes; je veux dire,

194 344 722 45 qu’on ne ſe perſuada point l’un l’autre, & que

190 385 725 46 chacun demeura ferme dans ſon opinion. La cha¬

189 426 727 52 leur de la diſpute eſtant paſſée, on parla d’au¬

189 470 728 46 tre choſe, & on ſe mit à rire de la maniere dont

191 511 722 43 on s’eſtoit eſchauffé ſur une queſtion auſſi peu

186 552 729 46 importante que celle-là. On moraliſa fort ſur

190 596 725 51 la folie des hommes qui paſſent preſque toute

190 640 726 44 leur vie, à faire ſerieuſement de tres-grandes

185 679 730 50 bagatelles, & qui ſe font ſouvent une affai¬

185 721 730 51 re conſiderable d’une choſe indifferente. A

194 767 719 47 propos de cela, un Provincial raconta un Dé¬

186 806 727 46 meſlé fameux qui eſtoit arrivé autrefois dans

187 847 726 44 une petite Egliſe de ſa province entre le Tre¬

180 887 731 49 ſorier & le Chantre, qui ſont les deux pre¬

185 929 728 44 mieres Dignitez de cette Egliſe, pour ſçavoir ſi

184 968 727 45 un Lutrin ſeroit-placé à un endroit on à un au¬

183 1014 727 45 tre. La choſe fut trouvée plaiſante. Sur cela un

178 1055 730 46 des Sçavans de l’aſſemblée, qui ne pouvoit pas

181 1097 720 48 oublier ſi-toſt la diſpute, me demanda. Si moi,

181 1143 729 47 qui voulois ſi peu de matiere pour un Poëme

179 1181 729 47 Heroïque, j’entreprendrois d’en faire un, ſur un

179 1223 729 56 Démeſlé auſſi peu chargé d’incidens que celui
