1024 1483
200.0 248.0 512.0 69.0 PREFACE

288.0 343.0 536.0 45.0 E petit Traité, dont je donne la traduc¬

285.0 381.0 536.0 50.0 tion au Public, est une piece échapée

283.0 423.0 538.0 46.0 du naufrage de pluſieurs autres Livres

286.0 460.0 535.0 47.0 que Longin avoit compoſés. Encore n’eſt-

284.0 500.0 535.0 41.0 l'elle pas venuë à nous toute entiere. Car

97.0 536.0 724.0 48.0 bien que le volume ne ſoit pas fort gros, il y a plu¬

96.0 575.0 726.0 49.0 ſieurs endroits defectueux, & nous avous perdu le

98.0 615.0 720.0 39.0 Traité des Paſſions, dont l'Auteur avoit fait an Livre

93.0 653.0 724.0 40.0 à part qui eſtoit comme une ſuite naturelle de celui-

93.0 688.0 723.0 49.0 ci. Neanmoins tout défiguré qu’il eſt, il nous en reſte

95.0 730.0 721.0 48.0 encore aſſez, pour nous faire concevoir une fort grande

91.0 768.0 723.0 45.0 idée de ſon Auteur, & pour nous donner un verita¬

96.0 805.0 720.0 47.0 ble regret de la perte de ſes autres Ouvrages. Le nom¬

91.0 844.0 723.0 42.0 bre n’en eſtoit pas mediocre. Suidas en compte jusſqu'à

96.0 881.0 715.0 43.0 neuf dont il ne nous reſte plus que des titres aſſez con¬

95.0 919.0 718.0 49.0 fus. C’eſtoient tous Ouvrages de critique. Et certaine¬

97.0 959.0 714.0 48.0 ment on ne ſçauroit aſſez plaindre la perte de ces excel¬

92.0 997.0 719.0 48.0 lens Originaux, qui, à en juger par celui-ci, devoient

97.0 1035.0 708.0 46.0 eſtre autant de cheſ-d'œuvres de bon ſens, d’erudition,

97.0 1072.0 713.0 52.0 & d'éloquence. Je dis, d'éloquence, parce que Longin

100.0 1114.0 706.0 41.0 ne s’est pas contenté, comme Ariftote & Hermogene,

95.0 1151.0 715.0 47.0 de vous donner des preceptes tout ſecs & dépouillés

97.0 1190.0 710.0 45.0 d’omemens. Il n’a pas voulu tomber dans le defaut,

97.0 1224.0 714.0 56.0 qu’il reproche à Cecilius, qui avoit, dit-il, écrit du

693.0 1261.0 25.0 37.0 *
