1024 1483
184.0 63.0 15.0 45.0 4

403.0 60.0 259.0 41.0 SATIRES.

175.0 106.0 630.0 42.0 Qui du butin des fleurs va compoſer ſon miel;

174.0 144.0 559.0 48.0 Des ſottiſes du temps je compoſe mon fiel.

178.0 182.0 627.0 49.0 Je vais de toutes parts où me guide ma veine,

174.0 223.0 572.0 40.0 Sans tenir en marchant une route certaine,

174.0 258.0 592.0 42.0 Et ſans geſner ma plume en ce libre métier,

174.0 296.0 572.0 48.0 Je la laiſſe au hazard courir ſur le papier.

207.0 336.0 667.0 48.0 Le mal eſt qu'en rimant, ma Muſe un peu legere

383.0 368.0 41.0 26.0 Par

171.0 375.0 699.0 46.0 Nomme tout ſon nom, & ne ſçauroit rien taire.

171.0 410.0 642.0 50.0 C'eſt là ce qui fait peur aux eſprits de ce temps,

173.0 449.0 712.0 42.0 Qui tout blancs au dehors, ſont tout noirs au dedans.

168.0 489.0 715.0 47.0 Ils tremblent qu’un Cenſeur, que ſa verve encourage,

169.0 525.0 647.0 47.0 Ne vienne en ſes Ecrits démaſquer leur viſage,

166.0 564.0 629.0 47.0 Et foüillant dans leurs mœurs en toute liberté,

166.0 601.0 556.0 42.0 N'aille du fond du Puits tirer la verité.

165.0 640.0 605.0 49.0 Tous ces gens éperdus au ſeul non de Satire,

165.0 680.0 588.0 47.0 Pont d’abord le procés à quiconque oſe rire.

164.0 714.0 643.0 49.0 Ce ſont eux que l’on voit, d’un diſcours inſenſé,

165.0 753.0 570.0 50.0 Publier dans Paris que tout eſt renverſé;

162.0 792.0 732.0 50.0 Au moindre bruit qui court, qu’un Auteur les menace,

163.0 832.0 562.0 50.0 De joüer des Bigots la trompeuſe grimace.

162.0 872.0 652.0 44.0 Pour eux un tel Ouvrage eſt un monſtre odieux;

160.0 907.0 667.0 49.0 C’eſt offenſer les loix, c’eſt s'attaquer aux Cieux:

159.0 942.0 727.0 57.0 Mais bien que d’un faux zele ils maſquent leur foibleſſe,

159.0 982.0 573.0 51.0 Chacun voit qu’en effet la Verité les bleſſe.

154.0 1020.0 614.0 50.0 En vain d’un lâche orgueil leur eſprit reveſtu

157.0 1061.0 583.0 40.0 Se couvre du manteau d’une auſtere vertu:

154.0 1096.0 684.0 50.0 Leur cœur qui ſe connoiſt, & qui fuit la lumiere,

157.0 1134.0 693.0 47.0 S’il ſe mocque de Dieu, craint Tartuffe & Moliere.

187.0 1174.0 656.0 49.0 Mais pourquoy ſur ce point ſans raiſon m'écarter?

155.0 1211.0 728.0 58.0 GRAND ROI, c’eſt mon defaut, je ne ſçaurois flater.
