1024 1483
826 44 29 42 83

274 38 433 39 EPISTRE AU ROI.

134 91 629 37 C'eſt par Toi qu'on va voir les Muſes enrichies,

129 118 569 53 De leur longue diſette à jamais affranchies.

132 158 720 50 GRAND ROI, pourſuy toûjours, aſſeure leur repos.

132 197 622 47 Sans elles un Heros n’eſt pas long-temps Heros:

131 236 724 47 Bien-tost quoi qu’il ait fait, la Mort d’une ombre noire

134 273 584 48 Enveloppe avec luy ſon nom & ſon hiſtoire.

136 312 613 46 En vain pour s’exempter de l'oubli du cercüeil,

134 348 546 47 Achille mit vingt fois tout Ilion en deüil.

133 386 652 49 En vain malgré les vents aux bords de l'Heſperie

134 423 542 46 Enée enfin porta ſes Dieux & ſa Patrie:

132 462 654 50 Sans le ſecours des vers, leurs noms tant publiés

133 501 565 42 Seroient depuis mille ans avec eux oubliés.

136 538 700 53 Non, à quelques bauts faits que ton deſtin Tappelle,

136 578 580 42 Sans le ſecours ſoigneux d’une Muſe fidelle,

128 615 604 48 Pour T'immortaliſer, Tu fais de vains efforts.

131 653 544 46 Apollon Te la doit: ouvre lui tes treſors.

131 692 572 42 En Poëtes ſameux rens nos climats fertiles.

134 730 603 42 Un Auguste aiſément peut ſaire des Virgiles.

132 767 571 47 Que d’illuſtres témoins de ta vaſte bonté,

129 805 512 40 Vont pour toi dépoſer à la Poſterité!

159 841 647 48 Pour moi qui ſur ton nom, déja brûlant d'écrire

133 883 601 42 Sens au bout de ma plume expirer la Satyre,

132 921 518 45 Je n’oſe de mes vers vanter ici le prix.

129 956 610 51 Toutefois, ſi quelqu’un de mes foibles Eſcrits

132 997 533 44 Des ans injurieux peut éviter l’outrage,

132 1034 605 48 Peut-eſtre pour ta gloire aura-t-il ſon uſage:

128 1072 576 40 Et comme tes exploits étonnant les Lecteurs

131 1112 565 38 Seront à peine creus ſur la foi des Auteurs;

129 1145 671 50 Si quelque Eſprit malin les veut traiter de fables,

132 1186 632 51 On dira quelque jour pour les rendre croiables:

730 1232 57 35 Lij
