1024 1483
362.0 25.0 284.0 46.0 PREFACE.

150.0 76.0 715.0 54.0 donna qu'on l'envoiast au ſuplice. Ce grand perſonnage,

157.0 116.0 721.0 52.0 pourſuit Zoſine, ſouffrit la mort avec une conſtance ad¬

154.0 154.0 722.0 51.0 mirable, juſqu'à conſoler en mourant ceux que ſon mal¬

149.0 192.0 726.0 47.0 heur touchoit de pitié & d’indignation. Par là on peut

152.0 231.0 722.0 45.0 voir que Longin n’eſtoit pas ſeulement un habille Rhe¬

153.0 273.0 721.0 48.0 teur, comme Quintilien & comme Hermogene; mais un

152.0 306.0 718.0 51.0 Philoſophe capable d’estre mis en parallele avec les So¬

150.0 347.0 721.0 42.0 crates & les Catons. Son Livre n’a rien qui demente ce

154.0 384.0 716.0 52.0 que je dis. Le caractere d’honneſte homme y paroiſt par

149.0 423.0 720.0 51.0 tout & ſes ſentimens ont je ne ſçai quoi qui marque

148.0 460.0 721.0 47.0 non ſeulement un eſprit ſublime: mais une ame fort eſle¬

148.0 500.0 722.0 49.0 vée au deſſus du commun. Je n’ay donc point de regret

147.0 537.0 723.0 47.0 d’avoir emploié quelques-unes de mes veilles à debroüil¬

145.0 575.0 724.0 52.0 ler un ſi excellent Ouvrage, que je puis dire n'avoir eſté

144.0 615.0 722.0 51.0 entendu juſqu'ici que d’un tres petit nombre de Sçavans.

143.0 654.0 725.0 47.0 Muret fut le premier qui entreprit de le traduire en La¬

142.0 693.0 724.0 39.0 tin à la ſollicitation de Manuce: mais il n’acheva pas cet

143.0 729.0 720.0 50.0 Ouvrage, ſoit parce que les difficultés l’en rebutterent,

142.0 768.0 724.0 47.0 ou que la mort le ſurprit auparavant. Gabriel de Pe¬

139.0 808.0 727.0 48.0 tra à quelque temps de là fut plus courageux, & c’est

139.0 846.0 725.0 46.0 à lui qu’on doit la traduction Latine que nous en avons.

142.0 882.0 721.0 48.0 Il y en a encore deux autres, maus elles ſont ſi informes

144.0 923.0 719.0 47.0 & ſi groſſieres, que ce ſeroit faire trop d’honneur à leurs

139.0 960.0 720.0 43.0 Auteurs que de les nommer. Et meſmes celle de Petra,

138.0 997.0 721.0 44.0 qui es infiniment la meilleure, n’eſt pas fort achevée.

137.0 1038.0 724.0 47.0 Car outre que ſouvent il parle Grec en Latin, il y a

134.0 1075.0 730.0 49.0 pluſieurs endroits où l’on peut dire qu’il n’a pas fort,

132.0 1113.0 727.0 46.0 bien entendu ſon Auteur. Ce n’eſt par que je veüille

133.0 1153.0 726.0 42.0 accuſer un ſi ſçavant Homne d’ignorance, ni eſtablir ma

131.0 1192.0 728.0 51.0 reputation ſur les ruines de la ſienne. Je ſçai ce que c’eſt

707.0 1240.0 61.0 42.0 * iij
