1024 1483
842 57 19 31 5

259 33 489 44 TRAITE' DU SUBLIME.

139 82 724 42 dire à un homme inſtruit de toutes les belles connoiſ¬

138 121 725 43 ſſances, je ne m’arreſteray point ſur beaucoup de cho¬

137 159 726 46 ſes qu’il m’euſt falu eſtablir avant que d’entrer en

139 198 726 45 matiere, pour montrer que le Sublime eſt en effet

140 236 724 43 ce qui forme l’excellence & la ſouveraine perfection

139 275 725 41 du Diſcours, que c’eſt par lui que les grands Poëtes

139 312 720 48 & les Eſcrivains les plus fameux ont remportéle prix,

139 349 672 50 & rempli toute la poſterité du bruit de leur gloire.

173 391 691 47 Car il ne perſuade pas proprement, mais il ravit, il

142 431 721 38 tranſporte, & produit en nous une certaine admiration

138 464 723 46 meſlée d’eſtonnement & de ſurpriſe, qui eſt toute autre

137 504 724 43 choſe que de plaire ſeulement, ou de perſuader. Nous

144 543 719 47 pouvons dire à l’égard de la Perſuaſion, que pour l’or¬

138 584 723 38 dinaire, elle n’a ſur nous qu’autant de puiſſance que

137 620 722 42 nous voulons. Il n’en eſt pas ainſi du Sublime: il don¬

140 659 721 41 ne au Diſcours une certaine vigueur noble, une for¬

134 697 726 44 ce invincible qui enleve l’ame de quiconque nous

134 735 726 43 écoute. Il ne ſufſit pas d’un endroit ou deux dans un

134 774 726 47 Ouvrage, pour vous faire remarquer la fineſſe de l'In¬

142 813 715 40 vention la beauté de l'Oeconomie & de la Diſpoſition:

136 849 721 46 C’eſt avec peine que cette juſteſſe ſe fait remarquer par

139 887 715 44 toute la ſuite meſme du Diſcours. Mais quand le Su¬

142 928 711 40 blime vient à paroiſtre où il ſaut; il renverſe tout com¬

136 965 719 42 me un foudre, & preſente d’abord toutes les forces

136 1002 718 43 Ie l’Orateur ramaſſées enſemble. Mas ce que je dis

136 1040 718 43 ici, & tout ce que je pourrois dire de ſemblable ſe¬

137 1081 717 47 roit fort inutile pour vous, qui ſçavez ces choſes par

139 1120 715 46 experience, & qui m’en feriez au beſoin à moi-meſme

138 1157 157 47 des leçons.

698 1232 63 50 a iij
