4267 6626
1249 303 1155 166 COMEDIE.

3156 320 121 149 11

602 480 2150 160 Qu'étant belle à tes yeux, plus outre je n’aspire.

420 568 2376 193 PHI. Que tu ſçais dextrement adoucir mon martyre!

596 712 1979 176 Mais parmy les plaiſirs qu’avec toy je reſſens,

602 844 1741 155 A peine mon esprit oſe croire mes ſens,

602 949 2145 177 Toûjours entre la crainte, & l’espoir en balance;

596 1093 2123 143 Car s’il faut que l'amour naiſſe de reſſemblance,

602 1203 1857 160 Mes imperfections nous éloignant ſi fort,

602 1303 1990 209 Qu'oſerois-je prétendre en ce peu de rapport?

425 1435 2421 177 CLO. Du moins ne pretens pas qu’à preſent je te loüe,

602 1573 1973 160 Et qu’un mépris ruſé que ton cœur deſavoüe

602 1684 1719 165 Me mette ſur la langue un babil affété

602 1794 2172 177 Pour te rendre à mon tour ce que tu m’as prété:

607 1938 2117 160 Au contraire, je veux que tout le monde ſçache

602 2065 2111 165 Que je connois en toy des defauts que je cache,

607 2170 1863 193 Quiconque avec raiſon peut eſtre négligé,

613 2291 1780 171 A qui le veut aimer eſt bien plus obligé.

431 2396 2548 188 PHI. Quant à toy, tu te crois de beaucoup plus aimable?

431 2528 2636 188 CLO. Sans doute, & qu’aurois-tu qui me fuſt comparable?

431 2678 2437 171 PHI. Regarde dans mes yeux, & reconnoy qu’en moy

613 2793 2244 161 On peut voir quelque choſe auſſi beau comme toy.

436 2904 2161 166 CLO. C’eſt ſans difficulté, m’y voyant exprimée.

442 3031 2371 155 PHI. Quitte ce vain orgueil dont ta veuë eſt charmée.

619 3163 2332 166 Tu n’y vois que mon cœur qui n’a plus un ſeul trait,

624 3274 2216 165 Que ceux qu’il a reçeus de ton charmant portrait,

619 3401 2017 160 Et qui tout auſſi-toſt que tu t'es fait paroiſtre,

630 3522 1934 155 Afin de te mieux voir, s’eſt mis à la feneſtre.

447 3616 2648 182 CLO. Le trait n’eſt pas mauvais, mais puisqu'il te plaiſt tant,

630 3765 2183 144 Regarde dans mes yeux, ils t’en montrent autant,

630 3881 2067 160 Nos braſiers tous pareils ont meſmes étincelles.

464 3992 2133 176 PHI. Ainſi, chere Cloris, nos ardeurs mutuelles

635 4135 2023 155 Dedans cette union prenant un meſme cours,

641 4251 2006 155 Nous préparent un heur qui durera toûjours,

641 4373 2133 160 Cependant en faveur de ma longue ſouffrance...

475 4489 1453 281 CLO. Tay-toy, mon frère vient.

2741 5527 221 287 B ij
