4267 6633
1289 375 1195 122 COMEDIE.

3204 359 155 188 19

653 503 1953 160 Chacun en ſon affaire eſt ſon meilleur amy,

647 619 1932 165 Et tout autre intereſt ne touche qu'à demy.

470 740 2230 160 TIR. Que du foudre à tes yeux j’éprouve la furie,

647 867 1682 161 Si rien que ce rival cauſe ma reſverie.

464 961 2436 205 CLO C’eſt donc aſſeurément ſon bien qui t’eſt ſuspect,

647 1111 2075 176 Son bien te fait reſver, & non pas ſon respect,

636 1221 2020 166 Et toute amitié bas, tu crains que ſa richeſſe

641 1354 1982 160 En dépit de tes feux n’obtienne ta Maîtreſſe.

459 1486 2197 144 TIR. Tu devines, ma ſœur, cela me fait mourir.

459 1608 2319 144 CLO. Ce ſont vaines frayeurs dont je veux te guerir.

641 1719 2175 160 Depuis quand ton Eraste en tient-il pour Melite?

464 1840 2380 166 TIR. Il rend depuis deux ans hommage à ſon merite,

459 1956 2413 177 CLO. Mais dit-il les grands mots? parle-t'il d'epouſer?

459 2083 2673 177 TIR. Presque à chaque moment. CLO. Laiſſe-le donc jaſer,

641 2227 2319 149 Ce malheureux amant ne vaut pas qu’on le craigne,

641 2332 2004 188 Quelque riche qu’il ſoit, Melite le dédaigne:

641 2454 2037 171 Puisqu’on voit ſans effet deux ans d'affection,

641 2581 1788 166 Tu ne dois plus douter de ſon averſion;

641 2697 2319 177 Le temps ne la rendra que plus grande & plus forte,

636 2819 2203 176 On prend ſoudain au mot les hommes de ſa ſorte,

636 2946 1992 154 Et ſans rien hazarder à la moindre longueur

636 3067 2169 172 On leur donne la main dés qu’ils offrent le cœur,

459 3178 1998 171 TIR. Sa mere peut agir de puiſſance abſoluë.

459 3310 2048 166 CLO. Croy que déja l’affaire en ſeroit reſoluë,

636 3432 1776 144 Et qu’il auroit déja dequoy ſe contenter

641 3554 1661 154 Si ſa mere étoit femme à la violenter.

459 3659 2297 188 TIR. Ma crainte diminuë, & ma douleur s’appaiſe,

641 3797 2087 160 Mais ſi je t’abandonne, excuſe mon trop d’aiſe,

641 3918 1561 150 Avec cette lumiere & ma dexterité

641 4035 1677 160 I'en veux aller ſçavoir toute la verité.

647 4156 2407 172 Adieu! CLO. Moy, je m'en vay paiſiblement attendre

641 4278 1771 160 Le retour deſiré du pareſſeux Philandre.

641 4399 1799 161 Vn moment de froideur le fera ſouvenir

647 4527 2020 276 Qu'il faut une autre fois tarder moins à venir.

2722 5638 216 176 C ij
