4267 6620
800 358 276 177 xxviij

1264 1318 2081 298 EXAMEN

783 1638 3042 248 DES POEMES CONTENVS

1633 1941 1336 160 en cette Premiere Partie.

1782 2305 1005 171 MELITE.

1628 2532 2197 176 ETTE Piece fut mon coup d’eſſay, & elle n'a

1606 2681 2213 187 garde d’eſtre dans les Regles; puisque je ne ſçavois

1606 2802 2213 182 pas alors qu’il y en euſt. Ie n'avois pour guide qu'un

1611 2923 2214 160 peu de ſens commun, avec les exemples de feu Mr

1611 3045 2208 154 Hardy, dont la veine étoit plus feconde que polie,

1622 3166 2203 166 & de quelques Modernes, qui commençoient à ſe

811 2532 734 926 C

1600 3287 2208 210 produire, & n'étoient pas plus Reguliers que luy.

756 3403 3063 171 Le ſucceZ en fut ſurprenant. Il établit une nouvelle troupe de Come¬

750 3530 3069 171 diens à Paris, malgré le merite de celle qui étoit en poſſeſſion de s’y voir

750 3652 3064 176 l'unique; il égala tout ce qui s’étoit fait de plus beau jusques alors, &

750 3773 3064 165 me fit connoiſtre a la Cour. Ce ſens commun, qui étoit toute ma Regle,

750 3894 3064 144 m'avoit fait trouver l'unité d’action pour broüiller quatre Amans par un

728 4016 3080 171 ſeul intrique, & m'avoit donné aſſez, d’averſion de cet horrible déregle¬

750 4154 3064 165 ment qui mettoit Paris, Rome, & Constantinople ſur le meſme Thea¬

750 4269 2010 144 tre, pour reduire le mien dans une ſeule Ville.

883 4374 2925 193 La nouveauté de ce genre de Comedie, dont il n’y a point d’exemple

745 4512 3063 166 en aucune Langue, & le ſtile naïf, qui faiſoit une peinture de la con¬

745 4622 3058 160 verſation des honneſtes gens, furent ſans doute cauſe de ce bonheur ſur¬

739 4755 3064 171 prenant, qui fit alors tant de bruit. On n’avoit jamais veu jusques-là

745 4865 3058 155 que la Comedie fiſt rire ſans Perſonnages ridicules, tels que les valets

739 4981 3069 177 boufons, les Paraſites, les Capitans, les Docteurs, &c. Celle-cy faiſoit

723 5108 3074 171 ſon effet par l’humeur enjoüée de gens d’une condition au deſſus de ceux

745 5229 3052 166 qu'on voit dans les Comedies de Plaute & de Terence, qui n'étoient que

745 5362 3041 154 des Marchands. Avec tout cela, j’avouë que l’Auditeur fut bien fa¬

745 5467 3052 275 cile à donner ſon approbation à une Piece, dont le nœud n'avoit aucune
