4267 6647
437 603 2261 117 PYM. Le couroux d’une femme impetueux d’abord

609 681 2122 160 Promet tout ce qu’il oſe à ſon premier transport,

609 808 2344 161 Mais comme il n’a pour luy que ſa ſeule impuiſſance,

626 936 1867 149 A force de groſſir il meurt en ſa naiſſance,

609 1041 2012 177 Ou s’étouffant ſoy-meſme, à la fin ne produit

609 1168 2294 183 Que point, ou peu d’effet, après beaucoup de bruit.

426 1296 2366 155 DOR. Va, va, ne pretens pas que le mien s'adouciſſe,

604 1418 1945 166 Il faut que ma fureur, ou l’Enfer te puniſſe,

604 1539 1850 155 Le reste des Humains ne ſçauroit inventer

604 1656 2000 166 De geſne qui te puiſſe à mon gré tourmenter.

609 1778 2289 166 Si tu ne crains mes bras, crains de meilleures armes,

609 1899 2250 172 Crains tout ce que le Ciel m'a departy de charmes;

604 2021 2344 178 Tu ſçais quelle eſt leur force, & ton cœur la reſſent.

604 2143 2316 177 Crains quelle ne m’aſſeure un vangeur plus puiſſant.

609 2265 1917 161 Ce couroux dont tu ris en fera la conqueſte

604 2387 1906 166 De quiconque à ma haine expoſera ta teſte,

604 2514 2260 155 De quiconque mettra ma vangeance en mon choix.

609 2642 2106 160 Adieu, j'en perds le temps à crier dans ces bois,

604 2752 2144 172 Mais tu verras bien-toſt ſi je vaux quelque choſe,

609 2874 2028 155 Et ſi ma rage en vain ſe promet ce qu’elle oſe.

432 2996 2094 177 PYM. I’aime tant cette ardeur à me faire perir,

609 3129 2206 155 Que je veux bien moy-meſme avec vous y courir.

432 3218 2787 194 DOR. Traiſtre, ne me ſuy point. PYM. Prendre ſeule la fuite!

604 3367 2022 155 Vous vous égareriez à marcher ſans conduite,

609 3489 2134 155 Et d’ailleurs voſtre habit où je ne comprens rien

609 3611 1995 150 Peut avoir du mystere auſſi-bien que le mien.

604 3727 1917 167 L’azile dont tantoſt vous faiſiez la demande

604 3855 2266 177 Montre quelque beſoin d'un bras qui vous défende,

609 3977 1912 160 Et mon devoir vers vous ſeroit mal acquité

604 4098 1795 161 S’il ne vous avoit miſe en lieu de ſeureté.

604 4220 2222 161 Vous penſez m'échaper quand je vous le témoigne,

609 4342 2161 166 Mais vous n’irez pas loin que je ne vous rejoigne,

604 4464 2277 183 L’amour que j’ay pour vous, malgré vos dures loix,

615 4586 2227 233 Sçait trop ce qu’il vous doit, & ce que je me dois.

1318 371 1114 205 TRAGEDIE.

3147 432 166 188 87
