4267 6587
1625 867 1285 143 PRIVILEGE DV ROY.

834 971 2883 236 LOVIS PAR LA GRACE DE DIEV ROY DE FRANCE ET DE NAVARRE. A nos Amez &

972 1103 2740 126 feaux Conſeillers les gens tenants nos Cours de Parlement, Maiſtres des Requeſtes ordinaires

829 1180 2883 126 de noſtre Hoſtel, Baillifs, Senéchaux, Preuoſts, leurs Lieutenans, & à tous autres nos Iuſticiers

829 1257 2888 137 & Officiers qu’il appartiendra: SALVT. Noſtre cher & bien amé AVGUVSTIN COVRBE'

829 1322 2883 138 Marchand libraire en noſtre bonne ville de Paris, Nous a fait remonſtrer, qu’il a cy-deuant

823 1410 2889 132 fait imprimer plusieurs pieces de Theatre de la compoſition des ſieurs de Corneille freres, leſ¬

829 1482 2888 137 quelles il deſireroit faire imprimer, s'il nous plaiſoit de luy accorder nos lettres de prolon¬

823 1564 2889 143 gation de Priuilege ſur ce neceſſaires; attendu que la pluſpart des priuileges, en vertu deſ¬

829 1646 2877 127 quels elles ont défia eſté miſes en lumiere, ſont expirez, & les autres preſts d'expirer A CES

823 1718 2878 131 CAVSES Nous auons permis, & permettons par ces preſentes à l'Expoſant d'imprimer, faire im¬

829 1783 2877 165 primer vendre & debiter en tous les lieux de noſtre obeiſſance, toutes leſdites pieces de Thea¬

823 1866 2883 137 tre compoſées par les ſieurs de Corneille freres; & ce coniointement ou ſeparement, en vn ou plu¬

829 1954 2877 109 ſieurs volumes, en telles marges, en tels caracteres, & autant de fois qu’il voudra, durant vingt

823 2036 2872 121 années, à compter du iour que chaque piece, ou volume ſera acheué d’imprimer pour la

823 2102 2878 143 premiere fois en vertu des preſentes. Et faiſons tres-expreſſes deffences à toutes perſonnes de

823 2179 2878 131 quelle condition & qualité qu'elles ſoient, d’imprimer, vendre, ni diſtribuer aucunes deſdites

818 2267 2883 137 pieces de Theatre, ſans le conſentement de l'Expoſant, ou de ceux qui auront ſon droit, ſous

823 2343 2878 127 pretexte d'augmentation, correction, changement de tiltre, fauſſes marques, ou autrement

818 2420 2883 121 en quelque maniere que ce ſoit, à peine de quinze cens liures d’amende, payables ſans de¬

818 2492 2883 142 port par chacun des contreuenans, & applicables vn tiers à Nous, vn tiers à l'Hoſtel-Dieu de

818 2568 2883 127 noſtre bonne ville de Paris, l’autre tiers à l'Expoſant, de confiſcation des exemplaires contre¬

812 2651 2889 126 fais, & de tous deſpens, dommages & intereſts. A condition qu'il ſera mis deux deux exemplaires

812 2728 2889 131 qui ſeront imprimez en vertu des preſentes, en noſtre Bibliotheque publique, & vn en celle de no¬

796 2804 2905 138 ſtre tres-cher & feal le feur Seguier Cheualier Chancellier de France, auant que de les expoſer en

818 2887 2883 110 vente; & qu'elles ſeront regiſtrées dans le liure de la Communauté des Libraires de noſtredite ville

818 2964 2883 115 de Paris, ſuiuant les Arreſts de noſtre Cour de Parlement, à peine de nullité d'icelles, du conte¬

812 3035 2889 132 nu desquelles Nous voulons & vous mandons, que vous faſſiez iouïr pleinement & paiſible¬

812 3112 2889 110 ment l'Exposant, & ceux qui auront droit de luy, ſans ſouffrir, qu'il leur ſoit donné aucun

812 3194 2894 110 trouble ni empeſchement. Voulons auſſi qu’en mettant au commencement ou à la fin de cha¬

812 3271 2889 121 cun deſdits exemplaires vn extrait des preſentes, elles ſoient tenuës pour duëment ſignifiées,

812 3353 2894 105 & que ſoy y ſoit adiouſtée & aux copies collationnées par vn de nos amez & feaux Conſeil¬

812 3425 2894 104 lers, & Secretaires, comme à l’original. Mandons au premier noſtre Huiſſier ou Sergent ſur ce

812 3507 2883 115 requis, de faire pour l’execution d'icelles tous exploits neceſſaires, ſans demander autre permiſ¬

812 3578 2889 121 ſion. CAR TEL eſt noſtre plaiſir, nonobſtant clameur de Haro, Chartre Normande, & Decla¬

812 3661 2889 115 rations, Arreſts, Reglemens, Statuts, & Confirmation diceux priuileges obtenus ou à obte¬

807 3732 2894 121 nir, ſoit que le temps de ceux qui ont eſté obtenus ſoit expiré, ou non, oppoſitions ou appella¬

807 3814 2894 116 tions quelconques & ſans preiudice d'icelles, pour leſquelles nous n'entendons qu'il differe, &

812 3891 2889 121 dont nous retenons la connoiſſance à Nous, & a noſtre Conſeil, & qui ne pourront nuire

807 3968 2894 110 audit Expoſant, en faueur duquel & des merites deſdits ouurages, nous derogeons à ce que

807 4051 2894 109 deſſus, pour ce regard ſeulement. DONNE' à Paris le troiſieſme iour de Decembre, l'an de

807 4127 2888 127 grace mil ſix cens cinquante ſept, & de noſtre Regne, le quinzieſme, Signé Par le Roy en

812 4210 659 120 ſon Confeil, Conrart.

878 4319 2817 154 Ledit Courbé a fait part de la moitié du ſuſdit priuilege à Guillaume de Luyne, auſſi Mar¬

812 4429 676 127 chand Libraire à Paris.

884 4539 2817 148 Et ledit Courbé a cedé ſon droit particulier du preſent Priuilege à Thomas Iolly & Louis

812 4643 2461 127 Billaine, auſſi Marchands Libraires à Paris, ſuiuant l’accord fait entre eux.

884 4770 2822 148 La preſente impreßion in folio des œuures du ſieur P. Corneille, a eſté acheuée d'imprimer le 22,

812 4857 462 138 Decembre 1663.

1812 4973 988 192 Les Exemplaires ont eſté fournis,

812 5093 2894 220 Regiſtré ſur le liure de la Communauté des Libraires le 10. Decembre 1657. ſuiuant l'Arreſt de

1581 5231 1197 269 la Cour de Parlement du 8 Auril 1653.
