4267 6527
473 522 2825 136 nieres ſyllabes de nos mots qui ont la terminaiſon feminine, & qui

473 609 2830 174 fait ſi peu de ſon, que cette ſyllabe n’eſt iamais contée à rien à la fin

473 739 2819 153 de nos vers feminins, qui en ont touſiours vne plus que les autres.

473 853 2830 169 L'e maſculin qui ſe prononce comme dans la langue Latine, & vn

473 962 2830 169 troiſiéme e qui ne va iamais ſans l's qui luy donne vn ſon eſleué

473 1082 2830 179 qui ſe prononce à bouche ouuerte, en ces mots, ſucces, acces, ex¬

462 1191 2841 190 pres: Or comme ce ſeroit vne grande confuſion, que ces trois e,

473 1321 2825 185 en ces trois mots, aſpres, verite, & apres, qui ont vne pronon¬

473 1430 2830 190 ciation ſi differente, euſſent vn caractere pareil, il eſt aiſé d’y reme¬

473 1566 2830 163 dier, par ces trois ſortes d'e que nous donne l’Imprimerie, e, é, è,

484 1697 2825 163 qu’on peut nommer l'e ſimple, l'e aigu, & l'e graue. Le premier

473 1800 2836 179 ſeruira pour nos terminaiſons feminines, le ſecond pour les Lati¬

478 1936 2831 158 nes, & le troiſieme pour les eſleuées, & nous eſcrirons ainſi ces trois

478 2039 2836 169 mots & leurs pareils, aſpres, verité, après, ce que nous eſtendrons

478 2164 2831 185 à ſuccès, excès, procès, qu’on auoit juſqu’icy eſcrits auec l'e aigu,

484 2289 2835 158 comme les terminaiſons Latines, quoy que le ſon en ſoit fort dif¬

478 2393 2841 196 ferent. Il eſt vray que les Imprimeurs y auoient mis quelque diffe¬

478 2523 2841 174 rence, en ce que cette terminaiſon n’eſtant iamais fans ſ, quand il

484 2643 2819 179 s’en rencontroit vne aprés vn é Latin, ils la changeoient en z, &

484 2757 2835 169 ne la faiſoient préceder que par vn e ſimple. Ils impriment veritez,

484 2893 2835 158 Deïtez, dignitez, & non pas, verités Deïtés, dignités; & j’ay

484 3007 2835 158 conſerué cette Ortographe: mais pour éuiter toute ſorte de confu¬

478 3116 2841 174 ſion entre le ſon des mots qui ont l'e Latin fans ſ, comme verité,

484 3236 2841 163 & ceux qui ont la prononciation éleuée, comme ſuccès, j’ay crû

484 3372 2841 168 à propos de nous ſeruir de differents caracteres, puiſque nous en

489 3491 2836 164 auons, & donner l'è graue à ceux de cette derniere eſpece. Nos

500 3589 2825 174 deux articles pluriels, les & des, ont le meſme ſon, quoy qu’écrits

495 3725 2830 158 auec l'e ſimple: il eſt ſi mal-aiſé de les prononcer autrement, que

495 3829 2830 179 ie n’ay pas crû qu’il fuſt beſoin d’y rien changer. Ie dy la meſme cho¬

500 3954 2825 168 se de l'e deuant deux ll, qui prend le ſon auſſi eſleué en ces mots,

506 4079 2824 174 belle, fidelle, rebelle, &c. qu’en ceux-cy ſuccès, excès; mais com¬

511 4204 2819 158 me cela arriue touſiours quand il ſe rencontre auant ces deux ll,

511 4324 2819 163 il suffit d’en faire cette remarque ſans changement de caractere. Le

506 4427 2813 174 meſme arriue deuant la fimple l, à la fin du mot, mortel, appel,

511 4552 2819 174 criminel, & non pas au milieu, comme en ces mots, celer, chan¬

517 4672 2215 157 celer, où l'e auant cette l, garde le fon de l'e feminin.

636 4775 2705 180 Il eſt bon auſſi de remarquer qu’on ne ſe ſert d’ordinaire de l'é

522 4906 2808 179 aigu, qu’à la fin du mot, ou quand on supprime l’ſ qui le fuit; com¬

527 5020 2809 174 me à établir, étonner: cependant il ſe rencontre ſouuent au milieu

533 5150 2808 147 des mots auec le meſme ſon, bien qu’on ne l’eſcriue qu’auec vn e

533 5254 2803 179 ſimple; comme en ce mot ſeuerité, qu’il faudroit eſcrire ſéuérité,

533 5390 2803 206 pour le faire prononcer exactement, & peut-eſtre le feray-je ob¬

1175 358 1383 142 AV LECTEVR.

3222 374 70 99 v

2607 5537 201 206 ã iij
