4267 6540
583 517 2892 164 Ie hazarderay quelque choſe ſur trente ans de travail pour la Scene,

474 610 3012 202 & en diray mes pensées tout ſimplement, ſans esprit de contestation

469 730 3017 218 qui m'engage à les ſoûtenir, & ſans pretendre que perſonne renonce en

480 861 1789 190 ma faveur à celles qu’il en aura conceuës.

611 953 2881 218 Ainſi ce que j'ay avancé dès l'entrée de ce Discours, que la Poëſie

474 1100 3023 197 Dramatique a pour but le ſeul plaiſir des Spectateurs, n'eſt pas pour

480 1209 3017 208 l'emporter opiniaſtrement ſur ceux qui penſent ennoblir l'Art, en luy

474 1351 3018 185 donnant pour objet, de profiter auſſi-bien que de plaire. Cette dispute

480 1444 3017 250 meſme ſeroit très-inutile, puisqu'il eſt impoſſible de plaire ſelon les Re¬

469 1542 3034 267 gles, qu’il ne s’y rencontre beaucoup d'utilité. Il eſt vray qu'Aristote

491 1694 3012 191 dans tout ſon Traité de la Poëtique n’a jamais employé ce mot une ſeu¬

491 1820 3017 201 le fois; qu’il attribuë l’origine de la Poëſie au plaiſir que nous prenons

491 1929 3017 201 à voir imiter les actions des hommes; qu’il préfere la partie du Poëme

496 2049 3001 234 qui regarde le Sujet à celle qui regarde les Mœurs, parce que cette pre¬

502 2158 3006 212 miere contient ce qui agrée le plus, comme les Agnitions & les Peripe¬

502 2299 3017 191 ties; qu’il fait entrer dans la définition de la Tragedie l’agrément du

502 2408 3017 202 discours dont elle eſt composée, & qu’il l’estime enfin plus que le Poëme

502 2528 3017 213 Epique, en ce qu'elle a de plus la décoration exterieure & la Muſique

507 2648 3017 218 qui délectent puiſſamment, & qu’étant plus courte & moins diffuſe, le

491 2768 3033 229 plaiſir qu'on y prend eſt plus parfait: mais il n'eſt pas moins vray qu'Ho¬

512 2904 3018 186 race nous apprend que nous ne ſçaurions plaire à tout le monde, ſi nous

518 3024 3012 207 n’y meſlons l’utile, & que les gens graves & ſerieux, les vieillards, les

518 3139 2783 201 amateurs de la vertu, s’y ennuyeront, s’ils n’y trouvent rien à profiter.

807 3270 1861 179 Centuriæ ſeniorum agitant expertia frugis.

523 3357 3012 212 Ainſi, quoy que l'utile n’y entre que ſous la forme du delectable, il ne

518 3482 3028 213 laiſſe pas d'y eſtre neceſſaire, & il vaut mieux examiner de quelle façon il

496 3602 3039 234 y peut trouver ſa place, que d'agiter, comme je l’ay déjà dit, une question

529 3727 3017 213 inutile touchant l’utilité de cette ſorte de Poëmes. I'estime donc qu’il s’y

529 3880 1440 158 en peut rencontrer de quatre ſortes.

649 3973 2897 196 La premiere conſiste aux Sentences & instructions Morales qu'on y

529 4098 3017 207 peut ſemer presque par tout : mais il en faut uſer ſobrement, les mettre

540 4207 3012 196 rarement en discours generaux, ou ne les pouſſer guere loin, ſur tout

540 4321 3012 235 quand on fait parler un homme paſſionné, ou qu’on luy fait répondre

540 4463 3017 202 par un autre; car il ne doit avoir non plus de patience pour les entendre,

545 4572 3012 224 que de quiétude d’esprit pour les concevoir, & les dire. Dans les déli¬

551 4703 3006 185 berations d’Etat, où un homme d'importance conſulté par un Roy s'ex¬

545 4774 3012 267 plique de ſens raſſis, ces ſortes de discours trouvent lieu de plus d'éten¬

562 4905 2995 212 due; mais enfin il eſt toujours bon de les reduire ſouvent de la Theſe à

562 5046 2995 196 l‘Hypotheſe, & j'aime mieux faire dire à un Acteur, l’Amour vous

567 5150 2990 234 donne beaucoup d’inquietudes, que l’Amour donne beaucoup d’in¬

567 5313 1473 175 quietudes aux esprits qu’il poſſede.

709 5390 2854 261 Ce n'eſt pas que je vouluſſe entierement bannir cette derniere façon de

905 321 2134 202 DV POEME DRAMATIQVE.

3355 350 120 148 ix

883 5569 382 262 Tome I.

2990 5580 120 153 ẽ
