4267 6701
871 447 126 167 10

1781 390 1134 162 MELITE,

1049 564 2073 145 Et les meilleurs amis lors que ſon feu les preſſe

1049 670 2045 195 Font bien-toſt vanité d'oublier leur promeſſe.

1435 910 1776 273 SCENE IV

1111 1211 2446 229 PHILANDRE, CLORIS.

882 1524 229 179 PHI.

1295 1518 1938 168 E meure, mon ſoucy, tu dois bien me haïr,

1178 1513 95 318 I

1301 1664 2128 162 Tous mes ſoins depuis peu ne vont qu'à te trahir.

871 1781 2139 156 CLO. Ne m'épouvante point, à ta mine je penſe

1061 1887 2116 173 Que le pardon ſuivra de fort prés cette offenſe,

1061 2027 2156 161 Si-toſt que j'auray ſçeu quel eſt ce mauvais tour.

876 2149 2519 185 PHI. Sçache donc qu’il ne vient ſinon de trop d’amour.

871 2272 2323 162 CLO. I’euſſe oſé le gager, qu'ainſi par quelque ruſe

1066 2401 1866 145 Ton crime officieux porteroit ſon excuſe.

876 2507 2290 178 PHI. Ton adorable objet, mon unique vainqueur,

1061 2652 2278 145 Fait naiſtre chaque jour tant de feux en mon cœur,

1066 2758 2368 173 Que leur excez m’accable, & que pour m’en défaire

1061 2887 2144 167 I'y cherche des defauts qui puiſſent me déplaire:

1066 3009 1949 168 I'examine ton teint dont l'éclat me ſurprit,

1066 3138 2117 173 Tes traits de ton viſage, & ceux de ton esprit,

1066 3261 2312 167 Mais je n’en puis trouver un ſeul qui ne me charme

882 3384 2217 161 CLO. Et moy je ſuis ravie, aprés ce peu d’alarme,

1066 3518 1989 161 Qu'ainſi tes ſens trompez te puiſſent obliger

1072 3629 1860 162 A cherir ta Cloris, & jamais ne changer.

888 3763 2161 140 PHI. Ta beauté te répond de ma perſeverance,

1072 3875 2184 167 Et ma foy qui t'en donne une entiere aſſeurance.

888 4009 2194 156 CLO. Voila fort doucement dire que ſans ta foy

1083 4121 1949 167 Ma beauté ne pourroit te conſerver à moy.

899 4221 2122 190 PHI. Ie traiterois trop mal une telle Maiſtreſſe,

1083 4372 2083 162 De l’aimer ſeulement pour tenir ma promeſſe,

1083 4495 1871 162 Ma paſſion en eſt la cauſe, & non l'effet;

1089 4612 1926 156 Outre que tu n'as rien qui ne soit ſi parfait,

1089 4746 2139 151 Qu'on ne peut te ſervir, ſans voir ſur ton viſage

1089 4858 2206 162 Dequoy rendre constant l’homme le plus volage.

904 4964 2273 184 CLO. Ne m'en conte point tant de ma perfection,

1089 5109 1742 156 Tu dois eſtre aſſeuré de mon affection,

1094 5232 1804 162 Et tu perds tout l’effort de ta galanterie

1100 5355 1753 150 Si tu crois l’augmenter par une flaterie.

1094 5478 1815 150 Vne fauſſe loüange eſt un blaſme ſecret,

1094 5595 2072 234 Epargne-moy, de grace, & ſonge plus discret,
