4267 6834
979 422 188 215 84

1794 387 1362 165 CLITANDRE,

632 4071 279 131 a Il regar¬

626 4163 296 142 de une ai¬

620 4276 308 137 guille que

620 4373 200 120 Doriſe

620 4464 171 120 avoit

620 4533 302 153 laißée par

620 4658 257 131 mégarde

615 4749 250 137 dans ſes

620 4846 263 131 cheveux

620 4920 308 148 en ſe dé¬

609 5028 251 222 guiſant.

1179 563 2364 154 Mais vous ſçaurez montrer, embraſſant ma défenſe,

1167 672 2399 176 Que qui vous vange ainſi puiſſamment vous offenſe.

1167 802 2017 171 Les perfides autheurs de ce complot maudit,

1167 928 1972 176 Qu'à me perſecuter voſtre abſence enhardit,

1162 1076 2335 131 A voſtre heureux retour, verront que ces tempeſtes,

1162 1184 2113 160 Clitandre preſervé, n'abatront que leurs teſtes.

1162 1298 2552 171 Mais on ouvre, & quelqu'un dans cette ſombre horreur

1162 1429 1988 199 Par ſon viſage affreux redouble ma terreur.

1549 1651 1840 313 SCENE IV

1048 1936 2803 313 CLITANDRE, LE GEOLIER.

979 2249 291 188 GEO.

1486 2278 2188 199 Ermettez que ma main de ces fers vous détache.

1287 2278 182 290 P

1509 2420 2410 205 CLI. Suis-je libre déja? GEO. Non encor, que je ſçache.

974 2534 2239 205 CLI. Quoy, ta ſeule pitié s'y hazarde pour moy?

974 2659 2723 188 GEO. Non, c’eſt un ordre exprès de vous conduire au Roy,

962 2773 2609 216 CLI. Ne m’apprendras-tu point le crime qu'on m'impute,

1150 2910 2011 165 Et quel laſche imposteur ainſi me perſecute?

968 3041 2467 188 GEO, Descendons, un Prevoſt qui vous attend là-bas

1150 3172 2273 193 Vous pourra mieux que moy contenter ſur ce cas.

1503 3399 1869 308 SCENE V.

1395 3713 2137 284 PYMANTE, DORISE.

957 3986 353 245 PYM.a

1526 4026 1971 193 N vain pour m'ébloüir vous uſez de la ruſe,

1532 4168 2227 222 Mon esprit, quoy que lourd, aiſément ne s’abuſe,

1321 4014 182 331 E

1127 4299 2188 171 ce que vous me cachez, je le lis dans vos yeux:

1145 4419 2284 176 Quelque revers d’amour vous conduit en ces lieux,

1139 4538 2336 188 N'eſt-il pas vray, Monſieur? & meſme cette aiguille

1145 4669 1942 194 Sent aſſez les faveurs de quelque belle fille;

1133 4783 2045 211 Elle eſt, ou je me trompe, un gage de ſa foy.

939 4914 2524 194 DOR. O malheureuſe aiguille, helas! c'eſt fait de moy.

957 5045 2472 183 PYM. Sans doute voſtre playe à ce mot s’eſt r'ouverte.

1133 5165 2319 199 Monſieur, regrettez-vous ſon abſence, ou ſa perte?

1133 5296 1977 176 Vous auroit-elle bien pour un autre quitté,

1127 5410 1641 176 Et payé vos ardeurs d'une infidelité?

1133 5541 2239 182 Vous ne répondez point! cette longueur confuſe,

1133 5677 2387 245 Quoy que vous vous taiſiez, clairement vous accuſe.
