4267 6647
1307 398 1131 150 TRAGEDIE.

3158 459 166 139 77

609 564 1967 133 A mon empreſſement pardonnez cét Adieu,

604 664 2094 155 Ie perdrois trop, Monſieur, à tarder en ce lieu.

426 769 2134 172 DOR. Amy, qui que tu ſois, ſi ton ame ſenſible

604 902 1850 161 A la compaſſion peut ſe rendre acceſſible,

604 1024 2017 172 Vn jeune Gentilhomme implore ton ſecours;

604 1152 2288 160 Prens pitié de mes maux pour trois ou quatre jours,

604 1274 1950 149 Durant ce peu de temps accorde une retraite

604 1395 2039 155 Sous ton chaume rustique à ma fuite ſecrette,

598 1517 1940 161 D’un ennemy puiſſant la haine me pourſuit,

604 1639 1906 166 Et n'ayant pû qu'à peine éviter cette nuit...

421 1755 2200 167 PYM. L'affaire qui me preſſe eſt aſſez importante

598 1883 2466 166 Pour ne pouvoir, Monſieur, répondre à voſtre attente;

598 2010 2111 161 Mais ſi vous me donniez le loiſir d’un moment,

598 2127 1967 155 Ie vous aſſeurerois d’eſtre icy promptement,

598 2248 1646 161 Et j’estime qu’alors il me ſeroit facile

598 2376 1879 149 Contre cét ennemy de vous faire un azile.

421 2481 2327 177 DOR. Mais avant ton retour ſi quelque instant fatal

598 2620 2095 166 M’expoſoit par malheur aux yeux de ce brutal,

587 2741 2089 155 Et que l’emportement de ſon humeur altiere...

415 2847 2411 171 PYM. Pour ne rien hazarder, cachez-vous là derriere.

415 2985 2394 155 DOR. Souffre que je te ſuive, & que mes tristes pas...

415 3113 2549 160 PYM. I’ay des ſecrets, Monſieur, qui ne le ſouffrent pas,

592 3229 2400 149 Et ne puis rien pour vous à moins que de m’attendre,

604 3362 1806 160 Aviſez au party que vous avez à prendre.

415 3478 2793 161 DOR. Va donc, je t’attendray. PYM. Cette touſſe d’ormeaux

592 3600 2151 155 Vous pourra cependant couvrir de ſes rameaux.

958 3833 1962 304 SCENE VIII.

1202 4165 1269 205 PYMANTE.

587 4431 2205 277 ENfin, graces au Ciel, ayant ſçeu m’en défaire

820 4575 1706 160 Ie puis ſeul aviſer à ce que je dois faire.

592 4691 1752 161 Qui qu'il ſoit, il a veu Roſidor attaqué,

592 4807 2095 145 Et ſçait aſſeurément que nous l’avons manqué:

592 4935 2212 166 N’en étant point connu, je n’en ay rien à craindre,

592 5051 2139 161 Puisqu’ainſi déguiſé, tout ce que je veux feindre

598 5179 1989 155 Sur ſon esprit credule obtient un tel pouvoir.

598 5300 1984 156 Toutefois plus j’y ſonge, & plus je penſe voir

598 5417 1967 155 Par quelque grand effet de vangeance divine

598 5544 1906 211 En ce foible témoin l’autheur de ma ruïne;

2709 5683 228 210 K iij
