4267 6694
938 394 78 152 4

1764 312 1240 217 MELITE,

1111 552 2089 150 Mais ce flateur espoir qu’il rejette en mon ame,

1105 624 2273 207 N’eſt qu’un doux imposteur qu'authoriſe ma flame,

1105 747 2095 184 Et qui ſans m’aſſeurer ce qu’il ſemble m’offrir,

1105 870 2251 189 Me fait plaire en ma peine, & m’obstine à ſouffrir.

927 970 2412 229 TIR. Que je te trouve, amy, d'une humeur admirable!

1100 1121 2016 189 Pour paroiſtre éloquent tu te feins miſerable,

1100 1243 1982 168 Eſt-ce à deſſein de voir avec quelles couleurs

1100 1366 2027 184 Ie ſçaurois adoucir les traits de tes malheurs?

1100 1489 1720 190 Ne t’imagine pas qu’ainſi ſur ta parole

1094 1606 1815 173 D’une fauſſe douleur un amy te confole:

1089 1740 1932 162 Ce que chacun en dit ne m’a que trop appris

1089 1857 1988 184 Que Melite pour toy n’eut jamais de mépris.

904 1957 2106 190 ERA. Son gracieux accueil & ma perſeverance

1083 2091 2178 201 Font naiſtre ce faux bruit d’une vaine apparence,

1089 2214 2217 195 Ses mépris ſont cachez, & s’en font mieux ſentir,

1083 2337 2111 195 Et n’étant point connus, on n’y peut compâtir.

899 2443 2267 212 TIR. En étant bien receu, du reste que t’importe?

1083 2588 2078 173 C’eſt tout ce que tu veux des filles de ſa ſorte.

893 2683 2307 223 ERA. Cét accez favorable, ouvert & libre à tous,

1072 2828 2156 206 Ne me fait pas trouver mon martyre plus doux,

1066 2950 2162 196 Elle ſouffre aiſément mes ſoins, & mon ſervice,

1066 3073 2056 195 Mais loin de ſe reſoudre à leur rendre justice,

1066 3196 1905 195 Parler de l’Hymenée à ce cœur de rocher,

1066 3319 1977 184 C’eſt l’unique moyen de n’en plus approcher.

882 3430 2351 218 TIR. Ne diſſimulons point, tu regles mieux ta flame,

1066 3564 1977 173 Et tu n'és pas ſi foû que d’en faire ta femme.

876 3681 2307 190 ERA. Quoy, tu ſembles douter de mes intentions?

876 3798 1983 179 TIR. Ie croy malaiſément que tes affections

1061 3927 2200 206 Sur l’éclat d’un beau teint qu’on voit ſi periſſable

1061 4049 1832 179 Reglent d’une moitié le choix invariable.

1066 4172 1799 179 Tu ſerois incivil, la voyant chaque jour,

1055 4278 2027 218 De ne luy tenir pas quelques propos d’amour;

1055 4412 2033 178 Mais d’un vain compliment ta paſſion bornée

1049 4529 2123 190 Laiſſe aller tes deſſeins ailleurs pour l’Hymenée.

1055 4652 2240 212 Tu ſçais qu’on te ſouhaite aux plus riches maiſons,

1049 4769 2396 223 Que les meilleurs partis... ERA. Tréve de ces raiſons,

1049 4903 2262 206 Mon amour s’en offenſe, & tiendroit pour ſupplice

1049 5020 1726 190 De recevoir des loix d’une ſale avarice,

1044 5137 1999 207 Il me rend inſenſible aux faux attraits de l’or,

1044 5265 2078 201 Et trouve en ſa personne un aſſez grand trefor.

865 5360 2374 229 TIR. Si c’eſt-là le chemin qu'en aimant tu veux ſuivre,

1055 5511 2189 256 Tu ne ſçais guere encor ce que c’eſt que de vivre.
