4267 6540
3232 324 117 181 vij

665 1264 2385 354 DISCOVRS

371 1569 2995 267 DE L’VTILITÉ ET DES PARTIES

507 1809 2734 289 DV POËME DRAMATIQVE.

1189 2234 2188 202 IEN que ſelon Aristote le ſeul but de la Poëſie

1194 2392 2189 158 Dramatique ſoit de plaire aux Spectateurs, que

1189 2507 2194 163 la pluspart de ces Poëmes leur ayent plû, je veux

1194 2616 2199 168 bien avoüer toutefois que beaucoup d'entr'eux n'ont

1194 2735 2189 202 pas atteint le but de l'Art. Il ne faut pas préten¬

1194 2877 2189 158 dre, dit ce Philoſophe, que ce genre de Poëſie nous

1194 2975 2199 169 donne toute forte de plaiſir, mais ſeulement celuy

381 3106 3012 191 qui luy eſt propre; & pour trouver ce plaiſir qui luy eſt propre, & le

381 3226 3018 174 donner aux Spectateurs, il faut ſuivre les Preceptes de l Art, eſt leur

365 3329 3034 224 plaire ſelon ſes Regles. Il eſt constant qu'il y a des Preceptes, puis¬

387 3438 3006 229 qu'il y a un Art, mais il n'eſt pas constant quels ils ſont. On con¬

387 3564 3012 191 vient du nom ſans convenir de la chofe & on s’accorde ſur les paro¬

392 3695 3007 207 les, pour contester ſur leur ſignification. Il faut obſerver l’unité d’a¬

392 3804 3012 201 ction, de lieu, & de jour, perſonne n'en doute; mais ce n'eſt pas une

381 3913 3029 229 petite difficulté de ſçavoir ce que c'eſt que cette unité d’action, &

398 4043 3012 208 jusques où peut s’étendre cette unité de jour, & de lieu. Il faut que

398 4158 3017 191 le Poëte traite ſon Sujet ſelon le vray-ſemblable & le neceſſaire;

398 4278 3017 207 Aristote le dit, & tous ſes interpretes repetent les meſmes mots, qui

403 4387 3018 223 leur ſemblent ſi clairs & ſi intelligibles, qu'aucun d'eux n'a daigné

409 4518 3012 190 nous dire, non-plus que luy, ce que c'eſt que ce vray-ſemblable, &

414 4643 3012 185 ce neceſſaire. Beaucoup meſme ont ſi peu confideré ce dernier, qui ac¬

409 4752 3017 191 compagne toujours l’autre cheZ ce Philoſophe, horſmis une feule fois,

414 4872 3012 218 où il parle de la Comedie, qu'on en eſt venu jusqu’à établir une

414 4992 3007 190 Maxime tres-fauſſe, qu'il faut que le Sujet d'une Tragedie ſoit vray¬

420 5101 3006 196 ſemblable; appliquant ainſi aux conditions du Sujet la moitié de ce

425 5226 3001 213 qu'il a dit de la maniere de le traiter. Ce n'eſt pas qu'on ne puiſſe

414 5351 3018 240 faire une Tragedie d'un Sujet purement vray-ſemblable, il en donne

420 2953 714 218 B
