4267 6647
1307 387 1120 150 TRAGEDIE,

3153 387 133 238 81

410 520 2255 161 ROS. Mais, Sire, que ſçait-on? peut-eſtre ce rival,

587 648 2133 177 Qui m’a fait après tout plus de bien que de mal,

587 786 1939 150 Si-toſt qu’il vous plaira d'ecouter ſa defenſe,

587 908 1851 161 Sçaura de ce forfait purger ſon innocence,

410 1008 2294 177 ALC. Et par où la purger? la main d’un trait mortel

587 1141 1723 166 A ſigné ſon Arreſt en ſignant ce cartel.

587 1274 1912 155 Peut-il deſavoüer ce qu’aſſeure un tel gage.

587 1384 1901 172 Envoyé de ſa part, & rendu par ſon Page?

587 1512 1745 149 Peut-il deſavoüer que les gens déguiſez,

587 1611 2000 183 De ſon commandement ne ſoient authoriſez?

587 1744 2654 178 Les deux, tous morts qu’ils ſont, qu’on les traiſne à la bouë,

587 1877 2006 155 L'autre auſſi-toſt que pris ſe verra ſur la rouë,

587 1999 1823 144 Et pour le ſcelerat que je tiens priſonnier,

587 2127 1962 144 Ce jour que nous voyons luy ſera le dernier.

587 2248 2405 161 Qu'on l’améne au Conſeil; par forme il faut l'entendre,

587 2370 2045 161 Et voir par quelle adreſſe il pourra ſe defendre.

587 2492 2183 144 Toy, penſe à te guerir, & croy que pour le mieux

592 2608 1973 161 Ie ne veux pas montrer ce perfide à tes yeux:

592 2736 2034 160 Sans doute qu’auſſi-toſt qu’il ſe feroit paroiſtre

592 2858 1790 155 Ton ſang rejalliroit au viſage du traiſtre.

410 2963 2078 183 ROS. L’apparence deçoit, & ſouvent on a veu

592 3096 1657 166 Sortir la verité d’un moyen impréveu,

587 3212 2034 172 Bien que la conjecture y fuſt encor plus forte:

592 3334 2383 166 Du moins, Sire, appaiſez l’ardeur qui vous transporte,

598 3489 2133 150 Que l'ame plus tranquille, & l’esprit plus remis,

604 3594 1928 156 Le ſeul pouvoir des loix perde nos ennemis.

415 3727 2466 161 ALC. Sans plus m’importuner, ne ſonge qu’à tes playes.

604 3833 1889 166 Non, il ne fut jamais d’apparences ſi vrayes,

598 3966 1951 149 Douter de ce forfait c'eſt manquer de raiſon.

604 4082 1922 177 Derechef, ne prens ſoin que de ta gueriſon.

1003 5456 354 144 Tome 1.

2787 5400 66 166 L
