4267 6647
2626 5721 194 128 L ij

1180 371 1335 193 TRAGEDIE.

3125 432 155 205 83

3286 1179 271 95 a il parle

3286 1229 277 205 en priſon

930 642 1724 305 SCENE III

1147 908 1374 310 CLITANDRE.a

698 1257 1640 172 E ne ſçay ſi je veille, ou ſi ma reſverie

559 1268 128 299 I

698 1401 1934 155 A mes ſens endormis fait quelque tromperie,

570 1517 1840 161 Peu s'en faut dans l’excès de ma confuſion

570 1650 1774 150 Que je ne prenne tout pour une illuſion.

570 1761 2006 155 Clitandre priſonnier! je n'en fais pas croyable,

570 1883 1956 166 Ny l'air ſale & puant d’un cachot effroyable,

570 2005 1702 160 Ny de ce foible jour l'incertaine clarté,

570 2132 1812 150 Ny le poids de ces fers dont je ſuis arreté;

570 2248 2089 155 Ie les ſens, je les voy, mais mon ame innocente

570 2348 2184 183 Dément tous les objets que mon œil luy preſente,

570 2492 1641 150 Et le deſavoüant, défend à ma raiſon

570 2620 1668 149 De me perſuader que je ſois en priſon,

570 2736 1873 155 Iamais aucun forfait, aucun deſſein infame

565 2847 2239 171 N’a pû fouiller ma main, ny gliſſer dans mon ame,

570 2980 1735 160 Et je ſuis retenu dans ces funestes lieux!

570 3101 2278 167 Non, cela ne ſe peut, vous vous trompez, mes yeux,

570 3223 2161 155 I’aime mieux rejetter vos plus clairs témoignages,

570 3351 2239 155 I’aime mieux démentir ce qu’on me fait d’outrages,

570 3484 1729 155 Que de m’imaginer ſous un ſi juste Roy

570 3600 2173 155 Qu’on peuple les priſons d’innocens comme moy.

648 3727 2139 133 Cependant je m’y trouve, & bien que ma penſée

565 3833 1906 155 Recherche à la rigueur ma conduite paſſée,

565 3960 1695 150 Mon exacte cenſure a beau l’examiner,

559 4076 1807 155 Le crime qui me perd ne ſe peut deviner,

565 4204 2056 166 Et quelque grand effort que faſſe ma memoire,

565 4320 1867 172 Elle ne me fournit que des ſujets de gloire.

565 4447 2133 150 Ah Prince, c’eſt quelqu’un de vos faveurs jaloux

565 4564 1978 155 Qui m’impute à forfait d’eſtre chery de vous,

565 4691 2227 155 Le temps qu’on m’en ſepare, on le donne à l’Envie,

565 4824 1834 139 Comme une liberté d’attenter ſur ma vie,

559 4935 2067 149 Le cœur vous le diſoit, & je ne ſçay comment

570 5051 1973 150 Mon destin me pouſſa dans cét aveuglement,

565 5173 1756 150 De rejetter l’avis de mon Dieu tutelaire;

570 5289 1940 156 C’eſt là ma ſeule faute, & c’en eſt le ſalaire.

570 5422 1679 150 C’en eſt le châtiment que je reçois icy,

570 5533 2184 233 On vous vange, mon Prince , en me traitant ainſi;
