4267 6633
1245 373 1173 130 COMEDIE.

3121 409 171 132 17

2833 5661 72 126 C

741 5660 354 160 Tome I.

586 503 2098 176 A ſervir qu’il l’achete il eſt toûjours tout preſt,

581 641 1903 149 Et ne voit rien d’injuste où brille l’intereſt.

592 762 2219 161 Allons ſans perdre temps luy payer ma vangeance,

592 884 1832 188 Et la pistole en main preſſer ſa diligence.

968 1077 1793 271 SCENE IV.

1123 1365 1444 182 TIRCIS, CLORIS.

415 1614 249 193 TIR.

1001 1591 2042 194 A ſœur, un mot d’avis ſur un méchant Sonnet

680 1575 299 343 M

1001 1741 2037 182 Que je viens de broüiller dedans mon cabinet.

409 1862 2280 166 CLO. C'eſt à quelque beauté que ta Muſe l’adreſſe?

409 1989 2059 155 TIR. En faveur d’un amy je flate ſa Maîtreſſe,

581 2111 1903 155 Voy ſi tu le connois, & ſi parlant pour luy

592 2233 2064 182 I’ay ſceu m’accommoder aux paſſions d’autruy.

1129 2426 1411 260 SONNET.

946 2675 2020 204 Près l'œil de Melite il n'eſt rien d’admirable.

415 2824 249 177 CLO.

702 2747 238 271 A

957 2813 2347 205 Ah, frere, il n’en faut plus. TIR. Tu n’es pas ſupportable

586 2957 2247 166 De me rompre ſi-toſt. CLO. C’étoit ſans y penſer.

592 3084 2302 199 Acheve. TIR. Tay-toy donc, je vay recommencer.

1151 3305 1361 232 SONNET.

686 3526 1998 205 Près l’œil de Melite il n'eſt rien d’admirable,

420 3576 227 287 A

686 3681 1704 160 Il n'eſt rien de ſolide après ma loyauté,

420 3797 2081 182 Mon feu comme ſon teint ſe rend incomparable,

420 3930 1871 165 Et je ſuis en amour ce qu'elle eſt en beauté.

536 4151 2065 182 Quoy que puiſſe à mes ſens offrir la nouveauté,

420 4283 2230 183 Mon cœur à tous ſes traits demeure invulnerable,

420 4416 1970 155 Et bien qu'elle ait au ſien la meſme cruauté,

426 4521 2269 210 Ma foy pour ſes rigueurs n'en eſt pas moins durable.

547 4748 2087 193 C’eſt donc avec raiſon que mon extreſme ardeur

426 4891 2020 172 Trouve cheZ cette belle une extreſme froideur,

431 5030 1970 160 Et que ſans eſtre aimé je bruſle pour Melite.

553 5251 2086 165 Car de ce que les Dieux nous envoyant au jour

442 5378 2225 166 Donnerent pour nous deux d'amour, de merite,

446.0 5533.0 2109.0 139.0 Elle a tout le merite, moy j’ay tout l'amour.
