4267 6763
946 428 167 175 78

1138 591 2148 141 Son indice douteux, pour peu qu’il ait de jour,

1138 698 1956 164 N’éclaircira que trop mon forfait à la Cour.

1138 828 2283 163 Simple, j'ay peur encor que ce malheur m'avienne,

1138 952 1764 169 Et je puis éviter ma perte par la ſienne!

1138 1065 2007 169 Et meſmes on diroit qu’un antre tout exprès

1138 1200 1939 158 Me garde mon épée au fond de ces foreſts.

1138 1324 2142 152 C’eſt en ce lieu fatal qu’il me le faut conduire,

1138 1437 2322 169 C’eft là qu’un heureux coup l’empeſche de me nuire,

1138 1561 1826 169 Ie ne m’y puis reſoudre, un reste de pitié

1138 1685 1826 152 Violente mon cœur à des traits d’amitié,

1138 1809 2080 157 En vain je luy reſiste, & taſche à me défendre

1138 1927 2328 180 D’un ſecret mouvement que je ne puis comprendre,

1149 2057 1917 163 Son âge, ſa beauté, ſa grace, ſon maintien,

1138 2186 2046 158 Forcent mes ſentimens à luy vouloir du bien,

1138 2305 1928 169 Et l’air de fon viſage a quelque mignardiſe

1138 2434 1714 169 Qui ne tire pas mal à celle de Doriſe.

1144 2547 2119 175 Ah! que tant de malheurs m’auroient favoriſé,

1144 2677 1736 163 Si c'étoit elle-meſme en habit déguiſé!

1138 2801 1928 163 I’en meurs déja de joye, & mon ame ravie

1144 2930 1753 152 Abandonne le ſoin du reste de ma vie,

1138 3043 2029 163 Ie ne ſuis plus à moy, quand je viens à penſer

1144 3189 1837 147 A quoy l’occaſion me pourroit dispenſer.

1138 3291 2430 180 Quoy qu’il en ſoit, voyant tant de ſes traits enſemble,

1138 3426 1888 164 Ie porte du respect à ce qui luy reſſemble.

1262 3561 1905 136 Miſerable Pymante, ainſi donc tu te pers!

1138 3668 2080 164 Encor qu’il tienne un peu de celle que tu ſers,

1138 3792 1804 164 Etouffe ce témoin pour aſſeurer ta teſte:

1149 3916 2063 153 S’il eſt, comme il le dit, batu d'une tempeſte,

1149 4035 2171 180 Au lieu qu’en ta cabane il cherche quelque port,

1149 4164 2075 169 Fay que dans cette grotte il rencontre ſa mort.

1149 4288 1731 147 Modere toy, cruel, & plûtoſt examine

1155 4407 1990 186 Sa parole, ſon teint, & ſa taille, & ſa mine;

1155 4536 1787 175 Si c’eſt Doriſe, alors revoque cét arreſt,

1155 4655 1714 225 Sinon, que la pitié cede à ton intereſt.

1724 400 1438 186 CLITANDRE,
