4267 6587
1153 307 1461 187 DE CLITANDRE.

3223 318 225 154 xxxj

411 466 3037 192 & montrer que ce genre de Pieces avoit les vrayes beautez de Theatre,

389 570 3065 242 j'entrepris d’en faire une reguliere (c'eſt à dire dans ces vingt & quatre

406 680 3048 247 heures) pleine d’incidents, & d’un fille plus eſlevé, mais qui ne vau¬

411 801 3037 230 droit rien du tout; enquoy je reüſſis parfaitement. Le ſtile en eſt verita¬

417 933 3048 219 blement plus fort que celuy de l’autre, mais c'eſt tout ce qu’on y peut

417 1042 3042 236 trouver de ſupportable. Il eſt meſlé de pointes, comme dans cette pre¬

422 1158 3043 236 miers, mais ce n'étoit pas alors un ſi grand vice dans le choix des pen¬

422 1300 3043 209 sées, que la Scene en dûſt eſtre entierement purgée. Pour la constitution,

422 1399 3054 253 elle eſt ſi deſordonnée, que vous avez de la peine à deviner qui ſont

422 1525 3059 231 les premiers Acteurs. Roſidor & Caliste ſont ceux qui le paroiſſent le

422 1646 3059 242 plus par l’avantage de leur caractere, & de leur amour mutuel; mais

433 1767 3054 214 leur action finit dès le premier Acte avec leur peril, & ce qu’ils diſent

433 1893 3048 242 au troiſiéme & au cinquiéme ne fait que montrer leurs viſages, atten¬

439 2014 3053 220 dant que les autres achevent. Pymante & Doriſe y ont le plus grand

439 2140 3053 209 employ, mais ce ne ſont que deux criminels, qui cherchent à éviter la

428 2250 3059 258 punition de leurs crimes, & dont meſme le premier en attente de plus

433 2376 3059 242 grands, pour mettre à couvert les autres. Clitandre, autour de qui ſem¬

450 2475 3053 231 ble tourner le nœud de la Piece, puisque les premieres actions vont à le

433 2623 3070 225 faire coupable, & les dernieres a le justifier, n'en peut eſtre qu’un Heros

450 2733 3059 225 bien ennuyeux, qui n’eſt introduit que pour déclamer en priſon, & ne

444 2881 3070 198 parle pas meſme a cette Maîtreſſe, dont les dédains ſervent de couleur

455 2991 3054 209 à le faire paſſer pour criminel. Tout le cinquiéme Acte languit comme

461 3112 3053 203 celuy de Melite après la concluſion des Epiſodes, & n’a rien de ſurpre¬

466 3233 3048 236 nant, puisque dès le quatriéme on devine tout ce qui doit y arriuer,

461 3359 3053 225 horſmis le mariage de Clitandre avec Doriſe qui eſt encor plus étrange

461 3485 2273 220 que celuy d’Eraste, & dont on n'a garde de ſe défier.

604 3573 2921 225 Le Roy & le Prince ſon fils y paroiſſent dans un employ fort au deſ¬

450 3710 3075 258 ſous de leur dignité. L’un n'y eſt que comme juge, & l’autre comme con¬

455 3836 3070 231 fident de ſon favory. Ce defaut n'a pas accoûtumé de paſſer pour defaut,

483 3935 3053 247 auſſi n'eſt-ce qu’un ſentiment particulier dont je me fais une Regle, qui

472 4078 2537 247 peut-eſtre ne ſemblera pas déraiſonnable, bien que nouvelle.

620 4193 2922 214 Pour m'expliquer, je dis qu’un Roy, un heritier de la Couronne, un

494 4308 3048 209 Gouverneur de Province, & generalement un homme d’authorité, peut

477 4435 3065 230 paroiſtre ſur le Theatre en trois façons: comme Roy, comme homme,

499 4556 3043 230 & comme Iuge; quelquefois avec deux de ces qualiteZ quelquefois

494 4643 3059 247 avec toutes les trois enſemble. Il paroiſt comme Roy ſeulement, quand

499 4803 3043 203 il n'a intereſt qu’à la conſervation de ſon Troſne, ou de ſa vie qu’on at¬

505 4912 3037 220 taque pour changer l'Etat, ſans avoir l’esprit agité d'aucune paſſion par¬

510 5039 3037 197 ticuliere; & c'eſt ainſi qu'Auguste agit dans Cinna, & Phocas dans

510 5165 3037 192 Heraclius. Il paroiſt comme homme ſeulement, quand il n'a que l'inte¬

516 5269 3031 203 reſt d'une paſſion à ſuivre, ou à vaincre, ſans aucun peril pour ſon Etat;

527 5395 3026 319 & tel eſt Grimoald dans les trois premiers Actes de Pertharite, & les
