4267 6593
819 340 291 176 xxxij

1889 331 936 160 EXAMEN

808 488 3052 160 deux Reines dans Don Sanche. Il ne paroiſt enfin que comme Iuge,

808 604 3052 231 quand il eſt introduit ſans aucun intereſt pour ſon Etat, ny pour ſa per¬

780 736 3074 165 ſonne, ny pour ſes affections, mais ſeulement pour regler celuy des au¬

802 862 3052 137 tres, comme dans ce Poëme, & dans le Cid, & l'on ne peut pas deſa¬

797 966 3057 160 voüer qu'en cette derniere posture il remplit aſſez, mal la dignité d'un

775 1087 3085 171 ſi grand Tiltre, n'ayant aucune part en l’action, que celle qu’il y veut

786 1208 3068 182 prendre pour d’autres, & demeurant bien éloigné de l’éclat des deux au¬

797 1340 3057 154 tres manieres. Auſſi l'on ne le donne jamais à repreſenter aux meilleurs

797 1461 3057 148 Acteurs, mais il faut qu’il ſe contente de paſſer par la bouche de ceux

797 1571 3057 154 du ſecond, ou du troiſiéme ordre. Il peut paroiſtre comme Roy, & com¬

791 1692 3063 154 me homme tout à la fois, quand il a un grand intereſt d’état, & une

764 1807 3085 181 forte paſſion tout enſemble a ſoûtenir, comme Antiochus dans Rodogu¬

786 1922 3063 165 ne, & Nicomede dans la Tragedie qui porte ſon nom; & c'eſt à mon

786 2049 3063 176 avis la plus digne maniere, & la plus avantageuſe de mettre ſur la

786 2181 3057 148 Scene des gens de cette condition; parce qu’ils attirent alors toute l’action

780 2302 3063 142 à eux, & ne manquent jamais d’eſtre repreſenteZ par les premiers

780 2417 3063 148 Acteurs. Il ne me vient point d'exemple en la memoire où un Roy pa¬

780 2532 3058 171 roiſſe comme homme & comme Iuge, avec un intereſt de paſſion pour luy,

780 2659 3058 165 & un ſoin de régler ceux des autres, ſans aucun peril pour ſon Etat:

775 2780 3068 153 mais pour voir les trois manieres enſemble, on les peut aucunement re¬

775 2895 3057 192 marquer dans les deux Gouverneurs d'Armenie, & de Syrie, que j’ay

769 3010 3063 176 introduits, l’un dans Polyeucte, & l’autre dans Theodore. Ie dis au¬

769 3142 3063 176 cunement, parce que la tendreſſe que l’un a pour ſon gendre, & l’autre

758 3269 3069 175 pour ſon fils, qui eſt ce qui les fait paroiſtre comme hommes, agit ſi foi¬

764 3389 3063 160 blement, qu'elle ſemble étouffée ſous le ſoin qu'a l’un & l’autre de con¬

742 3505 3101 187 ſerver ſa dignité, dont ils font tous deux leur capital, & qu’ainſi

758 3626 3069 192 on peut dire en rigueur, qu’ils ne paroiſſent que comme Gouverneurs

758 3747 3069 175 qui craignent de ſe perdre, & comme juges qui par cette crainte

758 3862 3069 192 dominante condamnent, ou plutoſt s’immolent ce qu’ils voudroient

764 3983 418 159 conſerver.

896 4093 2920 175 Les Monoloques ſont trop longs, & trop frequents en cette Piece:

758 4208 3058 203 c'étoit une beauté en ce temps-là, les Comediens les ſouhaitoient, &

753 4345 3057 182 croyoient y paroiſtre avec plus d’avantage. La Mode a ſi bien changé,

753 4466 3057 187 que la pluspart de mes derniers Ouvrages n'en ont aucun, & vous n'en

753 4582 3052 186 trouverez, point dans Pompée, la Suite du Menteur, Theodore, & Per¬

747 4703 3052 192 tharite, ny dans Heraclius, Andromede, Oedipe, & la Toiſon d’Or, à

747 4834 952 160 la reſerve des Stances.

885 4944 2920 182 Pour le lieu, il a encor plus d’étenduë, ou ſi vous voulez, ſouffrir

747 5065 3052 192 ce mot, plus de libertinage icy, que dans Melite: il comprend un Chaſteau

747 5191 3052 176 d‘un Roy avec une foreſt voiſine, comme pourrait eſtre celuy de Saint

753 5307 3041 253 Germain, & eſt bien éloigné de l’exactitude que les ſeveres Critiques y

709 5422 544 236 demandent.

3101 5565 671 220 LA VEVFVE.
