4267 6735
993 364 157 152 18

1908 336 1134 197 MELITE,

982 505 2914 224 CLO. Tu l’as fait pour Eraste? TIR. Ouy, j'ay dépeint ſa flame.

976 628 2375 157 CLO. Comme tu la reſſens peut-eſtre dans ton ame?

976 752 2589 196 TIR. Tu ſcais mieux qui je ſuis, & que ma libre humeur

1167 881 1999 157 N’a de part en mes vers que celle de rimeur.

982 993 2167 202 CLO. Pauvre frere, vois-tu, ton ſilence t'abuſe,

1167 1122 2212 174 De la langue ou des yeux, n'importe qui t’accuſe:

1167 1251 2398 174 Les tiens m’avoient bien dit malgré toy que ton cœur

1167 1375 2319 190 Soûpiroit ſous les loix de quelque objet vainqueur,

1162 1492 2027 174 Mais j'ignorois encor qui tenoit ta franchiſe,

1162 1616 1830 168 Et le nom de Melite a cauſé ma ſurpriſe,

1167 1751 2285 162 Si-toſt qu’au premier vers ton Sonnet m’a fait voir

1162 1868 2116 180 Ce que depuis huit jours je bruſlois de ſçavoir.

976 1969 2909 214 TIR. Tu crois donc que j’en tiens? CL. Fort auant. TI. Pour Melite?

976 2110 2286 191 CLO. Pour Melite, & de plus que ta flame n’excite

1167 2245 1977 162 Au cœur de cette belle aucun embraſement.

976 2351 2729 185 TIR. Qui t’en a tant appris? mon Sonnet? CLO. Iustement.

976 2480 2347 208 TIR. Et c’eſt ce qui te trompe avec tes conjectures,

1162 2598 1875 180 Et par où ta fineſſe a mal pris ſes meſures.

1156 2727 1623 169 Vn viſage jamais ne m'auroit arrété

1156 2851 2111 185 S’il falloir que l’amour fuſt tout de mon coſté.

1150 2974 1881 169 Ma rime ſeulement eſt un portrait fidelle

1150 3092 2078 191 De ce qu'Eraste ſouffre en ſervant cette belle,

1156 3221 1999 180 Mais quand je l’entretiens de mon affection

1156 3345 1634 174 I'en ay toûjours aller de ſatisfaction.

971 3429 2481 258 CLO. Montre, ſi tu dis vray, quelque peu plus de joye,

1150 3586 2106 185 Et rens-toy moins reſveur afin que je te croye.

971 3693 2335 230 TIR. Ie reſve, & mon esprit ne s’en peut exempter,

1150 3833 1763 179 Car ſi-toſt que je viens à me repreſenter

1150 3956 2005 174 Qu’une vieille amitié de mon amour s’irrite,

1156 4085 1971 186 Qu'Eraste s’en offenſe, & s'oppoſe à Melite,

1156 4209 1847 174 Tantoſt je ſuis amy, tantoſt je ſuis rival,

1150 4321 1898 191 Et toûjours balancé d’un contrepoids égal,

1150 4456 2027 191 I’ay honte de me voir inſenſible, ou perfide;

1156 4574 1943 196 Si l’amour m’enhardit, l’amitié m’intimide,

1145 4697 1881 191 Entre ces mouvemens mon esprit partagé

1150 4821 2156 196 Ne ſcait duquel des deux il doit prendre congé.

965 4939 2617 196 CLO. Voila bien des détours pour dire au bout du conte

1150 5079 2302 185 Que c’eſt contre ton gré que l’amour te ſurmonte;

1150 5191 1679 208 Tu préſumes par là me le perſuader,

1150 5309 2235 191 Mais ce n'eſt pas ainſi qu’on m’en donne à garder.

1145 5427 2487 230 A la mode du temps, quand nous ſervons quelqu’autre,

1150 5556 2117 292 C’eſt ſeulement alors qu’il n’y a rien du noſtre,
