4267 6593
742 483 3046 159 l'effet, ne ſoit point achevé, & qu’il luy falloit quelque couſine de Me¬

742 598 3046 165 lite, ou quelque ſœur d’Eraste, pour le reünir avec les autres. Mais

736 719 3052 182 deſlors je ne m’aſſujettiſſois pas tout à fait à cette mode, & me contentay

742 851 3046 165 de faire voir l'aſſiette de ſon esprit, ſans prendre ſoin de le pourvoir d'une

753 966 561 171 autre femme.

879 1071 2920 187 Quant à la durée de l’action, il eſt aſſez viſible qu'elle paſſe l'unité

742 1197 3063 160 de jour, mais ce n'en eſt pas le ſeul defaut; il y a de plus une inégalité

742 1324 3057 153 d'intervalle entre les Actes qu’il faut éviter. Il doit s’eſtre paſsé huit ou

742 1444 3052 160 quinze jours entre le premier & le ſecond, & autant entre le ſecond &

742 1565 3052 165 le troiſiéme; mais du troiſiéme au quatriéme il n'eſt pas beſoin de plus

736 1692 3063 143 d’une heure, & il en faut encor moins entre les deux derniers, de peur

742 1802 3057 170 de donner le temps de ſe rallentir à cette chaleur, qui jette Eraste dans

742 1933 3057 149 l’égarement d’esprit. Ie ne ſçay meſme ſi les Perſonnages qui paroiſſent

736 2049 3058 187 deux fois dans un meſme Acte (posé que cela ſoit permis, ce que j'exa¬

736 2175 3058 187 mineray ailleurs) je ne ſçay, dis-je, s’ils ont le loiſir d’aller d’un quar¬

736 2291 3080 164 tier de la Ville à l’autre, puisque ces quartiers doivent eſtre ſi éloigneZ

742 2411 3046 165 l’un de l’autre, que les Acteurs ayent lieu de ne pas s'entreconnoiſtre.

736 2527 3058 170 Au premier Acte, Tïrcis après avoir quitté Melite cheZ elle, n'a que

736 2659 3058 154 le temps d'environ ſoixante vers pour aller cheZ luy, où il rencontre

736 2780 3058 148 Philandre avec ſa ſœur, & n'en a guere davantage au ſecond à refai¬

742 2895 3052 165 re le meſme chemin. le ſçay bien que la repreſentation racourcit la

736 3010 3052 176 durée de l’action, & qu'elle fait voir en deux heures, ſans ſortir de la

736 3137 3058 159 Regle, ce qui ſouvent a beſoin d’un jour entier pour s’effectuer: mais

725 3252 3069 176 je voudrois, que pour mettre les choſes dans leur justeſſe, ce raccour¬

736 3389 3058 149 ciſſement ſe ménageaſt dans les intervalles des Actes, & que le temps

736 3494 3063 192 qu’il faut perdre s'y perdiſt, en ſorte que chaque Acte n'en euſt pour

736 3615 3052 175 la partie de l’action qu’il repreſente, que ce qu’il en faut pour ſa repre¬

698 3736 434 170 ſentation.

890 3845 2898 204 Ce coup d’eſſay a ſans doute encor d’autres irregularitez, mais je ne

736 3966 3052 182 m’attache pas à les examiner ſi ponctuellement, que je m’obstine à n’en

736 4098 3058 181 vouloir oublier aucune: je penſe avoir marqué les plus notables, & pour

725 4219 3052 192 peu que le Lecteur aye d'indulgence pour moy, j’espere qu’il ne s’offence¬

736 4351 1848 181 ra pas d’un peu de negligence pour le reste.

1578 4697 1341 181 CLITANDRE.

995 4939 2771 181 N voyage que je fis à Paris pour voir le ſuccès de Melite, m'ap¬

747 4900 231 341 V

978 5071 2799 170 prit qu'elle n’étoit pas dans les vingt & quatre heures. C’étoit

731 5175 3035 198 l'unique Regle que l’on connûſt en ce temps-là. I’entendis que ceux du

731 5301 3030 171 métier la blâmoient de peu d’effets, & de ce que le ſtile en étoit trop fa¬

725 5428 3036 280 milier. Pour la iustifier contre cette cenſure par une espece de bravade,

742 346 231 142 xxx

1809 302 934 181 EXAMEN
