4267 6626
1315 338 1172 169 COMEDIE.

3216 403 139 132 13

3371 601 310 105 a il retient

3377 662 304 144 Cloris qui

3377 767 259 149 ſuit ſon

3377 861 171 188 frere.

2741 5584 216 208 B iij

491 530 2615 127 PHI.a C’eſt donc ainſi qu'on quitte un amant pour un frere!

486 607 1934 171 CLO. Philandre, avoir un peu de curioſité,

663 734 1835 166 Ce n'eſt pas envers toy grande infidélité:

663 861 2100 160 Souffre que je deſrobe un moment à ma flame

663 982 2111 160 Pour lire malgré luy jusqu’au fond de ſon ame,

652 1104 1890 160 Nous en rirons aprés enſemble, ſi tu veux.

480 1214 2465 177 PHI. Quoy, c’eſt-là tout l'état que tu fais de mes feux!

475 1347 2122 165 CLO. Ie ne t’aime pas moins pour eſtre curieuſe,

646 1468 2211 166 Et ta flame à mon cœur n’eſt pas moins precieuſe,

652 1590 2006 154 Conſerve-moy le tien, & ſois ſeur de ma foy.

469 1689 2421 232 PHI. Ah folle, qu’en t’aimant, il faut ſouffrir de toy!
