4267 6587
2894 5588 194 170 õ iij

472 488 3092 165 justeſſe. Eraste y fait contrefaire des lettres de Melite, & les porter

483 592 3086 176 à Philandre. Ce Philandre eſt bien credule de ſe perſuader d'eſtre aimé

483 735 3070 170 d'une perſonne qu’il n'a jamais entretenuë, dont il ne connoit point l'é¬

488 839 3065 203 criture, & qui luy défend de l'aller voir; cependant qu'elle reçoit les vi¬

455 960 3098 198 ſites d'un autre, avec qui il doit avoir une amitié aſſez, étroite, puis¬

488 1086 3059 203 qu'il eſt accordé de ſa ſœur. Il fait plus, ſur la legereté d'une croyance

483 1207 3070 176 ſi peu raiſonnable, il renonce à une affection dont il étoit aſſeuré, & qui

483 1328 3070 170 étoit preſte d’avoir ſon effet. Eraste n'eſt pas moins ridicule que luy, de

483 1449 3064 170 s’imaginer que ſa fourbe cauſera cette rupture, qui ſeroit toutefois inu¬

483 1564 3070 181 tile ſon deſſein, s’il ne ſçavoit de certitude que Philandre, malgré le

455 1690 3103 209 ſecret qu'il luy fait demander par Melite dans ces fauſſes lettres, ne

488 1811 3059 176 manquera pas à les montrer à Tircis; que cet Amant favorisé, croira

472 1943 3086 175 plûtoſt un caractere qu’il n'a jamais veu, que les aſſeurances d’amour

488 2058 3059 198 qu’il reçoit tous les jours de ſa Maîtreſſe; & qu’il rompra avec elle ſans

494 2179 3053 170 luy parler, de peur de s’en éclaircir. Cette pretenſion d'Eraste ne pou¬

488 2288 3059 176 voit eſtre ſupportable à moins dune revelation, & Tircis qui eſt l'hon¬

488 2437 3059 159 neſte homme de la Piece, n'a pas l’esprit moins leger que les deux au¬

488 2552 3059 159 tres, de s’abandonner au deſespoir par une meſme facilité de croyance,

488 2678 3059 170 à la veuë de ce caractere inconnu. Les ſentimens de douleur qu’il en

472 2783 3075 203 peut legitimement concevoir, devroient du moins l’emporter à faire quel¬

488 2892 3059 209 ques reproches à celle dont il ſe croit trahy, & luy donner par là l’occa¬

472 3035 3075 187 ſion de le deſabuſer. La folie d’Eraste, n'eſt pas de meilleure trempe.

494 3145 3059 192 Je la condamnois deſlors en mon ame; mais comme c'étoit un ornement

494 3266 3059 181 de Theatre qui ne manquoit jamais de plaire, & ſe faiſoit ſouvent ad¬

494 3403 3059 170 mirer, j’affectay volontiers ces grands égaremens, & en tiray un effet que

477 3524 3076 159 je tiendrois encor admirable en ce temps. C’eſt la maniere dont Eraste

466 3622 3087 187 fait connoiſtre à Philandre, en le prenant pour Minos, la fourbe qu’il

499 3771 3048 159 luy a faite, & l’erreur où il l’a jetté. Dans tout ce que j’ay fait

494 3886 3053 165 depuis, je ne penſe pas qu’il ſe rencontre rien de plus adroit pour un

455 4023 522 132 dénoüement.

642 4100 2905 181 Tout le cinquiéme Acte peut paſſer pour inutile: Tircis & Melite ſe

472 4232 3081 186 ſont raccommodez avant qu’il commence, & par conſequent l’action eſt

499 4369 3054 170 terminée. Il n'eſt plus question que de ſçavoir qui a fait la ſuppoſition

499 4473 3048 187 des lettres, & ils pouvoient l’avoir ſçeu de Cloris, à qui Philandre l’a¬

499 4577 3054 193 voit dit pour ſe justifier. Il eſt vray que cet Acte retire Eraste de folie,

505 4720 3048 192 qu’il le reconcilie avec les deux Amants, & fait ſon mariage avec Clo¬

505 4835 3048 165 ris; mais tout cela ne regarde plus qu’une action Epiſodique, qui ne doit

499 4956 3054 198 pas amuſer le Theatre, quand la principale eſt fini; & ſur tout ce ma¬

505 5099 3042 148 riage a ſi peu d’apparence, qu’il eſt aisé de voir qu’on ne le propoſe, que

494 5203 3053 176 pour ſatisfaire à la coûtume de ce temps-là, qui étoit de marier tout ce

510 5313 3043 198 qu’on introduiſoit ſur la Scene. Il ſemble meſme que le Perſonnage de

516 5450 3031 214 Philandre, qui part avec un reſſentiment ridicule, dont on ne craint pas

3327 340 232 142 xxix

1433 329 1192 165 DE MELITE.
