4267 6527
3125 284 140 178 iij

2726 5502 174 143 ã ij

663 516 2335 370 AV LECTEVR

1012 897 2259 218 ES deux Volumes contiennent autant de Pièces de

1012 1055 2269 179 Theatre que les trois que vous auez veus cy-deuant

1012 1163 2269 196 imprimez in Octauo. Ils ſont réglez à douze

1012 1278 2269 196 chacun, & les autres à huit. Sertorius & Sophonisbe

473 957 539 647 C

1012 1392 2275 228 ne s'y joindront point, qu’il n’y en aye aſſez pour faire

451 1517 2836 207 vn troiſiéme de cette Impreſſion, ou vn quatriéme de l’autre. Ce¬

451 1631 2836 245 pendant comme il ne peut entrer en celle-cy que deux des trois Diſ¬

457 1756 2835 212 cours qui ont ſeruy de Prefaces à la précedente, & que dans ces

457 1881 2841 207 trois Diſcours, j’ay taſché d’expliquer ma penſée touchant les plus

457 2001 2841 207 curieuſes & les plus importantes queſtions de l’Art Poëtique, cet

462 2121 2841 212 Ouurage de mes reflexions demeureroit imparfait, ſi j’en retran¬

468 2235 2835 201 chois le troiſiéme. Et c’est ce qui me fait vous le donner en fuite

468 2355 2835 201 du ſecond Volume, attendant qu’on le puiſſe reporter au deuant

473 2502 2329 195 de celuy qui le ſuiura, ſi-toſt qu’il pourra eſtre complet.

593 2594 2721 196 Vous trouuerez quelque chose d'étrange aux innouations en

473 2719 2841 218 l’Ortographe que j’ay hazardées icy, & ie veux bien vous en ren¬

473 2839 2846 206 dre raifon. L’vſage de noſtre Langue eſt à présent ſi épandu par

484 2964 2835 217 toute l’Europe, principalement vers le Nord, qu’on y voit peu

478 3073 2847 212 d'Eſtats où elle ne ſoie connuë; c’eſt ce qui m’a fait croire qu'il ne

484 3198 2841 206 ſeroit pas mal à propos d’en faciliter la prononciation aux Eſtran¬

484 3307 2846 250 gers, qui s’y trouuent forment embarraſſez par les diuers ſons qu'el¬

489 3437 2847 201 le donne quelquefois aux meſmes lettres. Les Hollandois m’ont

495 3557 2841 206 frayé le chemin, & donné ouuerture à y mettre diſtinction par de

500 3676 2836 207 differents Caracteres, que juſqu’icy nos Imprimeurs ont employé

500 3801 2841 191 indifferemment. Ils ont feparé les i & les u conſones d’auec les

511 3910 2830 218 i & les u voyelles, en ſe ſeruant touſiours de l'j & de l'v pour

511 4041 2836 206 les premieres, & laissant l'i & l'u pour les autres, qui juſqu'à

517 4150 2824 223 ces derniers temps auoient eſté confondus. Ainfi la prononcia¬

522 4247 2819 229 tion de ces deux lettres ne peut eſtre douteuſe, dans les impreſ¬

522 4400 2830 201 ſions où l’on garde le meſme ordre, comme en celle-cy. Leur

527 4530 2825 191 exemple m’a enhardy à paſſer plus auant. I’ay veu quatre pronon¬

533 4617 2825 218 ciations differentes dans nos ſ, & trois dans nos e, & j’ay cherché

533 4742 2825 223 les moyens d’en oſter toutes ambiguitez, ou par des caracteres dif¬

538 4868 2825 206 ferens, ou par des régles generales, avec quelques exceptions. Ie ne

544 4998 2819 196 ſçay ſi j’y auray reüſſi mais ſi cette ébauche ne déplaiſt pas, elle

549 5107 2814 228 pourra donner iour à faire vn trauail plus acheué ſur cette matiere,

555 5232 2819 223 & peut-eſtre que ce ne ſera pas rendre vn petit ſeruice à noſtre

560 5390 947 217 Langue & au Public.
