4267 6791
1008 424 142 221 82

1784 373 1412 192 C LITANDRE,

1700 694 1581 234 SCENE II

1439 956 2074 226 ROSIDOR, CALISTE.

1008 1250 250 204 ROS.

1558 1267 2176 193 H que ce grand couroux ſenſiblement m’afflige!

1569 1409 2170 209 CAL. C’eſt ainſi que le Roy te refuſant t’oblige,

1195 1527 1887 182 Il te donne beaucoup en ce qu’il t’interdit,

1190 1652 2028 170 Et tu gagnes beaucoup d’y perdre ton credit.

1184 1788 1961 158 On voit dans ces refus une marque certaine

1184 1901 1881 175 Que contre Roſidor toute priere eſt vaine,

1184 2031 2068 164 Ses violents transports ſont d’aſſeurez témoins

1184 2150 2136 170 Qu'il t’écouteroit mieux s’il te cheriſſoit moins.

1184 2280 2097 170 Mais un plus long ſejour pourroit icy te nuire,

1178 2405 2295 175 Ne perdons plus de temps, laiſſe-moy te conduire

1178 2529 2182 181 Iusques dans l’antichambre où Lyſarque t’attend,

1173 2648 1983 175 Et montre deſormais un esprit plus content.

997 2761 2646 210 ROS. Si près de te quitter.... CAL. N’acheve pas ta plainte.

1178 2897 2340 192 Tous deux nous reſſentons cette commune atteinte,

1173 3016 2000 187 Mais d’un faſcheux respect la tyrannique loy

1173 3146 2091 181 M’appelle chez la Reine, & m’éloigne de toy.

1173 3270 2113 187 Il me luy faut conter comme l’on m’a ſurpriſe,

1173 3395 1841 175 Excuſer mon abſence en accuſant Doriſe,

1167 3520 1944 175 Et l’informer comment par un cruel destin

1167 3644 2063 181 Mon devoir auprès d’elle a manqué ce matin.

985 3740 2488 204 ROS. Va donc, & quand ſon ame, après la choſe ſçeuë

1161 3893 1865 181 Fera voir la pitié qu'elle en aura conceuë,

1161 4012 1797 187 Figure luy ſi bien Clitandre tel qu’il eſt,

1167 4142 2114 181 Quelle n’oſe en ſes feux prendre plus d’intereſt.

980 4250 2527 220 CAL. Ne crains pas deſormais que mon amour s’oublie,

1167 4391 1728 175 Répare ſeulement ta vigueur affoiblie,

1167 4516 1870 181 Sçache bien te ſervir de la faveur du Roy,

1161 4634 2001 255 Et pour tout le ſurplus, repoſe-t’en ſur moy.

1303 1273 272 317 A
