<?xml version="1.0" encoding="UTF-8"?>
<alto xmlns:xsi="http://www.w3.org/2001/XMLSchema-instance"
      xmlns="http://www.loc.gov/standards/alto/ns-v4#"
      xsi:schemaLocation="http://www.loc.gov/standards/alto/ns-v4# http://www.loc.gov/standards/alto/v4/alto-4-2.xsd">
  <Description>
    <MeasurementUnit>pixel</MeasurementUnit>
    <sourceImageInformation>
      <fileName>Corneille1664_Theatre_bpt6k10403751_corrected_0076.png</fileName>
    </sourceImageInformation>
  </Description>
  <Tags>
    <OtherTag ID="BT7" LABEL="CustomZone" DESCRIPTION="block type CustomZone"/><OtherTag ID="BT8" LABEL="DamageZone" DESCRIPTION="block type DamageZone"/><OtherTag ID="BT9" LABEL="DigitizationArtefactZone" DESCRIPTION="block type DigitizationArtefactZone"/><OtherTag ID="BT10" LABEL="DropCapitalZone" DESCRIPTION="block type DropCapitalZone"/><OtherTag ID="BT11" LABEL="GraphicZone" DESCRIPTION="block type GraphicZone"/><OtherTag ID="BT12" LABEL="MainZone" DESCRIPTION="block type MainZone"/><OtherTag ID="BT13" LABEL="MarginTextZone" DESCRIPTION="block type MarginTextZone"/><OtherTag ID="BT14" LABEL="MusicZone" DESCRIPTION="block type MusicZone"/><OtherTag ID="BT15" LABEL="NumberingZone" DESCRIPTION="block type NumberingZone"/><OtherTag ID="BT17" LABEL="QuireMarksZone" DESCRIPTION="block type QuireMarksZone"/><OtherTag ID="BT18" LABEL="RunningTitleZone" DESCRIPTION="block type RunningTitleZone"/><OtherTag ID="BT19" LABEL="SealZone" DESCRIPTION="block type SealZone"/><OtherTag ID="BT20" LABEL="StampZone" DESCRIPTION="block type StampZone"/><OtherTag ID="BT21" LABEL="TableZone" DESCRIPTION="block type TableZone"/><OtherTag ID="BT22" LABEL="TitlePageZone" DESCRIPTION="block type TitlePageZone"/><OtherTag ID="BT192" LABEL="Title" DESCRIPTION="block type Title"/><OtherTag ID="BT193" LABEL="Decoration" DESCRIPTION="block type Decoration"/><OtherTag ID="BT194" LABEL="Stamp" DESCRIPTION="block type Stamp"/><OtherTag ID="BT195" LABEL="Main" DESCRIPTION="block type Main"/><OtherTag ID="BT196" LABEL="Numbering" DESCRIPTION="block type Numbering"/><OtherTag ID="BT197" LABEL="Signatures" DESCRIPTION="block type Signatures"/><OtherTag ID="BT198" LABEL="DropCapital" DESCRIPTION="block type DropCapital"/><OtherTag ID="BT199" LABEL="RunningTitle" DESCRIPTION="block type RunningTitle"/><OtherTag ID="BT200" LABEL="Damage" DESCRIPTION="block type Damage"/><OtherTag ID="BT201" LABEL="Margin" DESCRIPTION="block type Margin"/>
    <OtherTag ID="LT7" LABEL="CustomLine" DESCRIPTION="line type CustomLine"/><OtherTag ID="LT8" LABEL="DefaultLine" DESCRIPTION="line type DefaultLine"/><OtherTag ID="LT9" LABEL="DropCapitalLine" DESCRIPTION="line type DropCapitalLine"/><OtherTag ID="LT10" LABEL="HeadingLine" DESCRIPTION="line type HeadingLine"/><OtherTag ID="LT11" LABEL="InterlinearLine" DESCRIPTION="line type InterlinearLine"/><OtherTag ID="LT12" LABEL="MusicLine" DESCRIPTION="line type MusicLine"/><OtherTag ID="LT180" LABEL="Default" DESCRIPTION="line type Default"/><OtherTag ID="LT181" LABEL="Rubric" DESCRIPTION="line type Rubric"/>
  </Tags>
  <Layout>
    <Page WIDTH="4267"
          HEIGHT="6701"
          PHYSICAL_IMG_NR="20"
          ID="eSc_dummypage_">
      <PrintSpace HPOS="0"
                  VPOS="0"
                  WIDTH="4267"
                  HEIGHT="6701">
        <TextBlock HPOS="973.0"
                   VPOS="488.0"
                   WIDTH="71.0"
                   HEIGHT="87.0"
                   ID="r_1_1"
                   TAGREFS="BT196">
          <Shape><Polygon POINTS="973 488 1044 488 1044 575 973 575"/></Shape>
          <TextLine ID="tl_1"
                    TAGREFS="LT180"
                    BASELINE="974 574 1043 574" 
                    HPOS="971"
                    VPOS="480"
                    WIDTH="67"
                    HEIGHT="173">
            <Shape><Polygon POINTS="971 480 971 569 971 647 1033 653 1038 569 1038 491 1033 485 1020 485"/></Shape>
	    <String CONTENT="6"
                    HPOS="971"
                    VPOS="480"
                    WIDTH="67"
                    HEIGHT="173"></String>
          </TextLine>
        </TextBlock>
        <TextBlock HPOS="1847.0"
                   VPOS="432.0"
                   WIDTH="1151.0"
                   HEIGHT="141.0"
                   ID="r_2_1"
                   TAGREFS="BT199">
          <Shape><Polygon POINTS="1847 432 2998 432 2998 573 1847 573"/></Shape>
          <TextLine ID="tl_2"
                    TAGREFS="LT180"
                    BASELINE="1848 556 2023 556 2203 551 2381 547 2543 543 2751 543 2997 559" 
                    HPOS="1837"
                    VPOS="424"
                    WIDTH="1156"
                    HEIGHT="151">
            <Shape><Polygon POINTS="2954 435 2898 435 2842 435 2786 435 2731 435 2675 435 2619 435 2563 435 2507 435 2451 435 2395 435 2340 435 2284 435 2228 435 2172 435 2116 435 2060 435 2010 435 1954 435 1898 435 1843 424 1843 552 1837 575 2988 569 2993 558 2988 424 2954 435"/></Shape>
	    <String CONTENT="MELITE"
                    HPOS="1837"
                    VPOS="424"
                    WIDTH="1156"
                    HEIGHT="151"></String>
          </TextLine>
        </TextBlock>
        <TextBlock HPOS="959.0"
                   VPOS="563.0"
                   WIDTH="2469.0"
                   HEIGHT="4483.0"
                   ID="eSc_textblock_2e3c9cea"
                   TAGREFS="BT195">
          <Shape><Polygon POINTS="959 647 959 5046 3428 5046 3428 563"/></Shape>
          <TextLine ID="tl_3"
                    TAGREFS="LT180"
                    BASELINE="1164 730 1589 725 1827 721 2123 713 2301 711 2601 700 2695 703 2881 699 3253 690" 
                    HPOS="1156"
                    VPOS="580"
                    WIDTH="2094"
                    HEIGHT="173">
            <Shape><Polygon POINTS="2552 591 2496 591 2440 591 2384 597 2328 597 2273 597 2217 603 2161 603 2105 603 2049 608 1993 608 1938 614 1882 614 1826 614 1770 619 1714 619 1658 619 1602 625 1547 625 1491 625 1435 631 1379 631 1323 631 1267 636 1211 636 1156 636 1161 725 1161 753 3250 720 3250 686 3233 580 2574 586 2552 591"/></Shape>
	    <String CONTENT="S’attacher pour jamais aux coſtez d&#x27;une femme!"
                    HPOS="1156"
                    VPOS="580"
                    WIDTH="2094"
                    HEIGHT="173"></String>
          </TextLine>
          <TextLine ID="tl_4"
                    TAGREFS="LT180"
                    BASELINE="1165 856 1454 853 1698 848 1868 844 2182 835 2292 836 2554 826 2688 827 2872 821 3126 814" 
                    HPOS="1156"
                    VPOS="698"
                    WIDTH="1966"
                    HEIGHT="184">
            <Shape><Polygon POINTS="2831 703 2826 703 2273 709 2273 714 2267 714 1781 720 1770 725 1714 725 1709 725 1156 731 1161 854 1161 882 3122 837 3122 809 3105 698 2831 698 2831 703"/></Shape>
	    <String CONTENT="Perdre pour des enfans le repos de ſon ame!"
                    HPOS="1156"
                    VPOS="698"
                    WIDTH="1966"
                    HEIGHT="184"></String>
          </TextLine>
          <TextLine ID="tl_5"
                    TAGREFS="LT180"
                    BASELINE="1165 976 1376 978 1574 974 1948 965 2406 952 2764 948 2959 940 3343 935" 
                    HPOS="1156"
                    VPOS="826"
                    WIDTH="2183"
                    HEIGHT="173">
            <Shape><Polygon POINTS="2384 832 2328 832 2273 837 2217 837 2161 837 2105 837 2049 837 1993 843 1977 843 1949 854 1865 843 1826 848 1770 848 1731 848 1720 859 1658 848 1658 848 1602 848 1547 848 1491 848 1463 848 1368 865 1262 854 1211 854 1156 854 1161 971 1161 999 3339 971 3339 932 3328 832 2418 826 2384 832"/></Shape>
	    <String CONTENT="Voir leur nombre importun remplir une maison!"
                    HPOS="1156"
                    VPOS="826"
                    WIDTH="2183"
                    HEIGHT="173"></String>
          </TextLine>
          <TextLine ID="tl_6"
                    TAGREFS="LT180"
                    BASELINE="1168 1100 1305 1101 1367 1096 1655 1093 1899 1092 2017 1087 2253 1114 2475 1075 2671 1065 2813 1072 3155 1065" 
                    HPOS="1161"
                    VPOS="966"
                    WIDTH="1988"
                    HEIGHT="167">
            <Shape><Polygon POINTS="1167 1094 1167 1133 3144 1111 3149 1060 3133 966 1161 988 1167 1094"/></Shape>
	    <String CONTENT="Ah! qu&#x27;on aime ce joug avec peu de raison!"
                    HPOS="1161"
                    VPOS="966"
                    WIDTH="1988"
                    HEIGHT="167"></String>
          </TextLine>
          <TextLine ID="tl_7"
                    TAGREFS="LT180"
                    BASELINE="992 1228 1079 1228 1511 1218 1599 1219 1691 1251 1895 1214 2195 1214 2414 1196 2550 1197 2768 1192 3042 1193 3382 1201" 
                    HPOS="982"
                    VPOS="1055"
                    WIDTH="2396"
                    HEIGHT="195">
            <Shape><Polygon POINTS="2759 1066 2703 1066 2658 1066 2613 1088 2457 1072 2423 1083 2368 1094 2312 1100 2256 1111 2200 1111 2144 1100 1318 1100 1262 1100 1206 1100 982 1100 988 1222 988 1250 3373 1222 3378 1200 3367 1055 3099 1083 2764 1066 2759 1066"/></Shape>
	    <String CONTENT="ERA. Mais il y faut venir, c’eſt en vain qu’on recule,"
                    HPOS="982"
                    VPOS="1055"
                    WIDTH="2396"
                    HEIGHT="195"></String>
          </TextLine>
          <TextLine ID="tl_8"
                    TAGREFS="LT180"
                    BASELINE="1173 1346 1376 1346 1510 1341 1730 1338 2008 1333 2326 1337 2524 1319 2676 1319 2890 1315 3030 1315 3196 1320 3474 1328" 
                    HPOS="1167"
                    VPOS="1217"
                    WIDTH="2306"
                    HEIGHT="156">
            <Shape><Polygon POINTS="2116 1217 2060 1217 2005 1217 1949 1217 1893 1217 1837 1222 1781 1234 1725 1245 1669 1250 1614 1228 1558 1222 1502 1222 1446 1222 1390 1222 1334 1222 1278 1222 1223 1222 1167 1222 1172 1345 1172 1373 3473 1362 3473 1323 3468 1217 2172 1217 2116 1217"/></Shape>
	    <String CONTENT="C’eſt en vain qu’on refuit, toſt ou tard on s&#x27;y brûle,"
                    HPOS="1167"
                    VPOS="1217"
                    WIDTH="2306"
                    HEIGHT="156"></String>
          </TextLine>
          <TextLine ID="tl_9"
                    TAGREFS="LT180"
                    BASELINE="1174 1468 1389 1468 1747 1460 2031 1455 2265 1462 2415 1446 2556 1481 2877 1437 3257 1432" 
                    HPOS="1167"
                    VPOS="1317"
                    WIDTH="2089"
                    HEIGHT="185">
            <Shape><Polygon POINTS="3222 1345 3166 1345 3110 1334 3055 1323 2999 1317 2943 1317 2887 1317 2831 1317 2775 1317 2719 1317 2664 1323 2608 1323 2557 1323 2502 1323 2446 1329 2395 1329 2340 1334 2295 1334 2222 1345 2150 1334 2116 1334 2060 1334 2032 1334 1999 1351 1876 1334 1837 1334 1826 1334 1792 1356 1692 1334 1669 1340 1625 1340 1569 1362 1435 1345 1390 1345 1340 1345 1301 1368 1167 1345 1172 1463 1172 1502 3250 1451 3256 1429 3244 1340 3222 1345"/></Shape>
	    <String CONTENT="Pour libertin qu’on ſoit, on s’y trouve attrapé:"
                    HPOS="1167"
                    VPOS="1317"
                    WIDTH="2089"
                    HEIGHT="185"></String>
          </TextLine>
          <TextLine ID="tl_10"
                    TAGREFS="LT180"
                    BASELINE="1174 1590 1699 1586 1869 1580 2051 1580 2263 1574 2415 1572 2729 1564 3099 1568" 
                    HPOS="1167"
                    VPOS="1451"
                    WIDTH="1927"
                    HEIGHT="168">
            <Shape><Polygon POINTS="2731 1457 2675 1463 2619 1474 2563 1479 2507 1474 2451 1457 2440 1451 2289 1451 2284 1457 2228 1457 2172 1457 2122 1457 1759 1457 1725 1463 1669 1463 1614 1463 1558 1463 1502 1463 1446 1463 1390 1463 1334 1468 1278 1468 1223 1468 1167 1463 1172 1585 1172 1619 3088 1591 3094 1563 3082 1451 2764 1451 2731 1457"/></Shape>
	    <String CONTENT="Toy-meſme qui fais tant du cheval échapé,"
                    HPOS="1167"
                    VPOS="1451"
                    WIDTH="1927"
                    HEIGHT="168"></String>
          </TextLine>
          <TextLine ID="tl_11"
                    TAGREFS="LT180"
                    BASELINE="1177 1712 1412 1711 1528 1712 1886 1702 2034 1703 2250 1698 2566 1690 2698 1689 3108 1678" 
                    HPOS="1167"
                    VPOS="1580"
                    WIDTH="1938"
                    HEIGHT="162">
            <Shape><Polygon POINTS="1172 1708 1172 1742 3099 1714 3105 1675 3088 1580 1167 1591 1172 1708"/></Shape>
	    <String CONTENT="Nous te verrons un jour ſonger au mariage."
                    HPOS="1167"
                    VPOS="1580"
                    WIDTH="1938"
                    HEIGHT="162"></String>
          </TextLine>
          <TextLine ID="tl_12"
                    TAGREFS="LT180"
                    BASELINE="995 1840 1094 1840 1508 1830 1638 1829 1904 1826 2077 1820 2265 1818 2324 1847 2641 1808 2781 1808 3099 1798" 
                    HPOS="988"
                    VPOS="1680"
                    WIDTH="2106"
                    HEIGHT="224">
            <Shape><Polygon POINTS="2373 1697 2267 1697 2217 1703 2021 1703 1803 1719 1753 1703 1686 1703 1664 1731 1418 1731 1334 1714 1262 1714 1239 1742 1195 1714 988 1714 994 1876 1211 1876 1262 1904 1278 1904 1440 1865 1709 1887 1854 1853 1982 1876 2021 1859 2038 1848 2083 1853 2178 1870 3094 1826 3094 1792 3077 1680 2412 1703 2395 1692 2373 1697"/></Shape>
	    <String CONTENT="TIR. Alors ne penſe pas que j&#x27;épouſe un viſage."
                    HPOS="988"
                    VPOS="1680"
                    WIDTH="2106"
                    HEIGHT="224"></String>
          </TextLine>
          <TextLine ID="tl_13"
                    TAGREFS="LT180"
                    BASELINE="1174 1952 1259 1955 1515 1952 1717 1948 1977 1943 2323 1939 2563 1935 2951 1936" 
                    HPOS="1167"
                    VPOS="1820"
                    WIDTH="1781"
                    HEIGHT="162">
            <Shape><Polygon POINTS="2451 1831 2395 1837 2340 1842 2284 1831 2245 1820 1642 1826 1614 1831 1558 1831 1502 1831 1446 1831 1390 1831 1334 1831 1278 1837 1223 1837 1167 1837 1172 1948 1172 1982 2943 1960 2948 1932 2937 1820 2490 1820 2451 1831"/></Shape>
	    <String CONTENT="Ie regle mes deſirs suivant mon intereſt,"
                    HPOS="1167"
                    VPOS="1820"
                    WIDTH="1781"
                    HEIGHT="162"></String>
          </TextLine>
          <TextLine ID="tl_14"
                    TAGREFS="LT180"
                    BASELINE="1181 2078 1258 2073 1432 2074 1654 2065 2108 2065 2380 2053 2624 2052 2942 2048 3126 2056" 
                    HPOS="1172"
                    VPOS="1937"
                    WIDTH="1950"
                    HEIGHT="173">
            <Shape><Polygon POINTS="1507 1954 1452 1954 1396 1954 1340 1954 1284 1954 1228 1954 1172 1954 1178 2077 1178 2110 3116 2077 3122 2054 3110 1937 1535 1948 1507 1954"/></Shape>
	    <String CONTENT="Si Doris me vouloit, toute laide qu&#x27;elle eſt,"
                    HPOS="1172"
                    VPOS="1937"
                    WIDTH="1950"
                    HEIGHT="173"></String>
          </TextLine>
          <TextLine ID="tl_15"
                    TAGREFS="LT180"
                    BASELINE="1175 2200 1262 2199 1782 2187 1996 2183 2544 2182 2672 2174 2768 2204 2898 2165 3326 2176" 
                    HPOS="1167"
                    VPOS="2054"
                    WIDTH="2156"
                    HEIGHT="174">
            <Shape><Polygon POINTS="2060 2066 2005 2066 1949 2066 1893 2066 1876 2066 1530 2066 1502 2071 1446 2071 1390 2077 1334 2077 1278 2077 1223 2077 1217 2066 1167 2066 1172 2194 1172 2228 3317 2205 3323 2172 3311 2054 2072 2060 2060 2066"/></Shape>
	    <String CONTENT="Ie l’estimerois plus qu’Aminte, &amp; qu&#x27;Hyppolite,"
                    HPOS="1167"
                    VPOS="2054"
                    WIDTH="2156"
                    HEIGHT="174"></String>
          </TextLine>
          <TextLine ID="tl_16"
                    TAGREFS="LT180"
                    BASELINE="1182 2324 1345 2318 1677 2311 1907 2304 2143 2339 2563 2296 2759 2292 2895 2293 3239 2286" 
                    HPOS="1172"
                    VPOS="2177"
                    WIDTH="2061"
                    HEIGHT="173">
            <Shape><Polygon POINTS="2731 2194 2703 2183 1172 2205 1178 2323 1178 2350 3233 2317 3233 2283 3217 2177 2759 2183 2731 2194"/></Shape>
	    <String CONTENT="Son revenu chez moy tiendroit lieu de merite."
                    HPOS="1172"
                    VPOS="2177"
                    WIDTH="2061"
                    HEIGHT="173"></String>
          </TextLine>
          <TextLine ID="tl_17"
                    TAGREFS="LT180"
                    BASELINE="1182 2442 1385 2440 1742 2432 1832 2433 2048 2428 2381 2432 2458 2420 2956 2416 3120 2414 3382 2409" 
                    HPOS="1172"
                    VPOS="2306"
                    WIDTH="2206"
                    HEIGHT="151">
            <Shape><Polygon POINTS="2345 2317 2289 2323 2234 2328 2178 2334 2122 2334 2066 2328 2010 2317 1999 2311 1290 2317 1284 2323 1228 2323 1172 2323 1178 2440 1178 2457 3378 2434 3378 2406 3362 2306 2379 2311 2345 2317"/></Shape>
	    <String CONTENT="C’eſt comme il faut aimer, l&#x27;abondance des biens"
                    HPOS="1172"
                    VPOS="2306"
                    WIDTH="2206"
                    HEIGHT="151"></String>
          </TextLine>
          <TextLine ID="tl_18"
                    TAGREFS="LT180"
                    BASELINE="1181 2566 1398 2564 1782 2559 2204 2548 2288 2546 2420 2544 2794 2540 3072 2548" 
                    HPOS="1172"
                    VPOS="2434"
                    WIDTH="1899"
                    HEIGHT="168">
            <Shape><Polygon POINTS="1731 2434 1675 2434 1619 2434 1563 2434 1507 2434 1452 2434 1396 2434 1340 2440 1284 2440 1228 2440 1172 2440 1178 2563 1178 2602 3066 2563 3071 2546 3066 2434 1787 2434 1731 2434"/></Shape>
	    <String CONTENT="Pour l’amour conjugal a de puiſſans liens,"
                    HPOS="1172"
                    VPOS="2434"
                    WIDTH="1899"
                    HEIGHT="168"></String>
          </TextLine>
          <TextLine ID="tl_19"
                    TAGREFS="LT180"
                    BASELINE="1182 2688 1301 2689 1669 2688 1817 2681 2201 2680 2575 2676 2685 2663 2999 2662 3295 2668" 
                    HPOS="1172"
                    VPOS="2540"
                    WIDTH="2117"
                    HEIGHT="179">
            <Shape><Polygon POINTS="3071 2546 3015 2546 2960 2546 2937 2540 1982 2551 1954 2557 1898 2557 1843 2557 1787 2557 1731 2563 1675 2563 1619 2563 1563 2563 1507 2563 1452 2563 1396 2563 1340 2568 1284 2568 1228 2568 1172 2563 1178 2685 1178 2719 3284 2708 3289 2663 3278 2540 3071 2540 3071 2546"/></Shape>
	    <String CONTENT="La beauté, les attraits, l’esprit, la bonne mine,"
                    HPOS="1172"
                    VPOS="2540"
                    WIDTH="2117"
                    HEIGHT="179"></String>
          </TextLine>
          <TextLine ID="tl_20"
                    TAGREFS="LT180"
                    BASELINE="1188 2812 1665 2803 1891 2798 2003 2797 2311 2803 2541 2785 2743 2785 2915 2780 3035 2781 3379 2789" 
                    HPOS="1178"
                    VPOS="2680"
                    WIDTH="2200"
                    HEIGHT="167">
            <Shape><Polygon POINTS="1792 2685 1736 2685 1681 2685 1625 2691 1569 2691 1513 2691 1457 2691 1401 2691 1346 2691 1290 2691 1234 2691 1178 2691 1184 2808 1184 2847 3373 2808 3378 2786 3367 2680 1803 2680 1792 2685"/></Shape>
	    <String CONTENT="Echauffent bien le cœur, mais non pas la cuiſine,"
                    HPOS="1178"
                    VPOS="2680"
                    WIDTH="2200"
                    HEIGHT="167"></String>
          </TextLine>
          <TextLine ID="tl_21"
                    TAGREFS="LT180"
                    BASELINE="1181 2934 1288 2929 1702 2925 1878 2920 2240 2916 2326 2911 2484 2907 2756 2906 3118 2902" 
                    HPOS="1172"
                    VPOS="2797"
                    WIDTH="1944"
                    HEIGHT="157">
            <Shape><Polygon POINTS="1178 2931 1178 2954 3116 2942 3116 2898 3099 2797 1172 2808 1178 2931"/></Shape>
	    <String CONTENT="Et l’Hymen qui ſuccede à ces folles amours"
                    HPOS="1172"
                    VPOS="2797"
                    WIDTH="1944"
                    HEIGHT="157"></String>
          </TextLine>
          <TextLine ID="tl_22"
                    TAGREFS="LT180"
                    BASELINE="1191 3052 1437 3047 1851 3043 2283 3038 2367 3037 2593 3034 2729 3031 3121 3024 3405 3017" 
                    HPOS="1184"
                    VPOS="2903"
                    WIDTH="2217"
                    HEIGHT="173">
            <Shape><Polygon POINTS="1189 3048 1189 3076 3401 3071 3401 3015 3384 2903 1184 2931 1189 3048"/></Shape>
	    <String CONTENT="Après quelques douceurs a bien de mauvais jours."
                    HPOS="1184"
                    VPOS="2903"
                    WIDTH="2217"
                    HEIGHT="173"></String>
          </TextLine>
          <TextLine ID="tl_23"
                    TAGREFS="LT180"
                    BASELINE="1188 3174 1371 3174 1673 3169 1761 3170 2105 3164 2243 3160 2449 3156 2651 3155 3025 3151" 
                    HPOS="1178"
                    VPOS="3026"
                    WIDTH="1843"
                    HEIGHT="168">
            <Shape><Polygon POINTS="2686 3032 2630 3032 2574 3037 2518 3037 2463 3037 2407 3037 2351 3037 2295 3037 2239 3043 2183 3043 2127 3043 2072 3043 2016 3043 1960 3043 1904 3043 1848 3043 1792 3043 1736 3043 1681 3043 1625 3043 1569 3043 1513 3043 1457 3043 1401 3048 1346 3048 1290 3048 1234 3048 1228 3037 1178 3037 1184 3171 1184 3194 3015 3188 3021 3149 3010 3026 2714 3026 2686 3032"/></Shape>
	    <String CONTENT="Vne amitié ſi longue eſt fort mal aſſeurée"
                    HPOS="1178"
                    VPOS="3026"
                    WIDTH="1843"
                    HEIGHT="168"></String>
          </TextLine>
          <TextLine ID="tl_24"
                    TAGREFS="LT180"
                    BASELINE="1187 3292 1468 3295 1638 3291 2152 3283 2288 3282 2374 3283 2566 3277 2698 3277 3004 3269" 
                    HPOS="1178"
                    VPOS="3166"
                    WIDTH="1821"
                    HEIGHT="167">
            <Shape><Polygon POINTS="2016 3166 1960 3166 1904 3166 1848 3166 1792 3166 1736 3171 1681 3171 1625 3171 1569 3171 1513 3171 1457 3171 1401 3171 1346 3177 1290 3177 1234 3177 1178 3171 1184 3289 1184 3333 2993 3294 2999 3266 2988 3166 2072 3166 2016 3166"/></Shape>
	    <String CONTENT="Deſſus des fondemens de ſi peu de durée."
                    HPOS="1178"
                    VPOS="3166"
                    WIDTH="1821"
                    HEIGHT="167"></String>
          </TextLine>
          <TextLine ID="tl_25"
                    TAGREFS="LT180"
                    BASELINE="1187 3418 1556 3418 1782 3413 1894 3408 2266 3408 2348 3405 2730 3401 3182 3395" 
                    HPOS="1178"
                    VPOS="3289"
                    WIDTH="1999"
                    HEIGHT="167">
            <Shape><Polygon POINTS="1792 3289 1736 3289 1681 3289 1625 3294 1569 3294 1513 3294 1457 3294 1401 3294 1346 3294 1290 3294 1234 3294 1178 3289 1184 3417 1184 3456 3172 3417 3177 3389 3166 3289 1848 3289 1792 3289"/></Shape>
	    <String CONTENT="L’argent dans le ménage a certaine ſplendeur"
                    HPOS="1178"
                    VPOS="3289"
                    WIDTH="1999"
                    HEIGHT="167"></String>
          </TextLine>
          <TextLine ID="tl_26"
                    TAGREFS="LT180"
                    BASELINE="1190 3562 1363 3540 1673 3537 1821 3535 2061 3530 2375 3527 2457 3526 2575 3522 2903 3523 3283 3522" 
                    HPOS="1184"
                    VPOS="3411"
                    WIDTH="2094"
                    HEIGHT="162">
            <Shape><Polygon POINTS="1742 3417 1686 3417 1630 3417 1574 3417 1519 3423 1463 3423 1407 3423 1351 3423 1295 3423 1239 3423 1184 3423 1189 3557 1189 3573 3278 3551 3278 3518 3267 3411 1753 3411 1742 3417"/></Shape>
	    <String CONTENT="Qui donne un teint d’éclat à la meſme laideur,"
                    HPOS="1184"
                    VPOS="3411"
                    WIDTH="2094"
                    HEIGHT="162"></String>
          </TextLine>
          <TextLine ID="tl_27"
                    TAGREFS="LT180"
                    BASELINE="1188 3662 1288 3661 1420 3658 1564 3658 1804 3657 2176 3653 2322 3649 2414 3644 2754 3644 3150 3650" 
                    HPOS="1178"
                    VPOS="3529"
                    WIDTH="1971"
                    HEIGHT="162">
            <Shape><Polygon POINTS="1792 3540 1736 3540 1681 3540 1625 3540 1569 3540 1513 3540 1457 3540 1401 3540 1346 3540 1290 3545 1234 3551 1223 3529 1178 3529 1184 3657 1184 3691 3144 3663 3149 3646 3144 3551 1826 3534 1792 3540"/></Shape>
	    <String CONTENT="Et tu ne peux trouver de ſi douces careſſes,"
                    HPOS="1178"
                    VPOS="3529"
                    WIDTH="1971"
                    HEIGHT="162"></String>
          </TextLine>
          <TextLine ID="tl_28"
                    TAGREFS="LT180"
                    BASELINE="1187 3784 1424 3780 1538 3776 1804 3776 2044 3771 2362 3771 2558 3767 2824 3798 2994 3758 3422 3754" 
                    HPOS="1178"
                    VPOS="3652"
                    WIDTH="2240"
                    HEIGHT="167">
            <Shape><Polygon POINTS="2127 3657 2072 3657 2016 3657 1960 3657 1904 3657 1848 3657 1792 3657 1736 3657 1681 3657 1625 3657 1569 3657 1513 3663 1457 3663 1401 3663 1346 3663 1290 3663 1234 3663 1178 3657 1184 3780 1184 3819 3412 3786 3418 3752 3406 3652 2150 3652 2127 3657"/></Shape>
	    <String CONTENT="Dont le gouſt dure autant que celuy des richeſſes."
                    HPOS="1178"
                    VPOS="3652"
                    WIDTH="2240"
                    HEIGHT="167"></String>
          </TextLine>
          <TextLine ID="tl_29"
                    TAGREFS="LT180"
                    BASELINE="1010 3910 1097 3910 1621 3897 1749 3898 1873 3893 2043 3892 2217 3888 2393 3884 2633 3884 2833 3879 3035 3879 3317 3884" 
                    HPOS="999"
                    VPOS="3769"
                    WIDTH="2312"
                    HEIGHT="167">
            <Shape><Polygon POINTS="2898 3780 2842 3791 2786 3797 2731 3791 2675 3780 2619 3774 2563 3769 2507 3769 2451 3769 2395 3769 2340 3774 2284 3774 2228 3774 2172 3774 2116 3774 2060 3774 2005 3774 1949 3774 1898 3774 1776 3791 1725 3780 1725 3780 1669 3780 1642 3780 1630 3797 1446 3780 1390 3780 1334 3780 1318 3780 1290 3802 999 3780 1005 3908 1005 3936 3311 3914 3311 3880 3306 3774 2926 3769 2898 3780"/></Shape>
	    <String CONTENT="ERA. Auprés de ce bel œil qui tient mes sens ravis,"
                    HPOS="999"
                    VPOS="3769"
                    WIDTH="2312"
                    HEIGHT="167"></String>
          </TextLine>
          <TextLine ID="tl_30"
                    TAGREFS="LT180"
                    BASELINE="1200 4024 1271 4024 1539 4020 2079 4010 2533 4007 2721 4003 2960 3998" 
                    HPOS="1189"
                    VPOS="3903"
                    WIDTH="1765"
                    HEIGHT="151">
            <Shape><Polygon POINTS="1245 3908 1189 3908 1195 4020 1195 4054 2948 4026 2954 3992 2937 3903 1245 3903 1245 3908"/></Shape>
	    <String CONTENT="A peine pourrois-tu conſerver ton avis."
                    HPOS="1189"
                    VPOS="3903"
                    WIDTH="1765"
                    HEIGHT="151"></String>
          </TextLine>
          <TextLine ID="tl_31"
                    TAGREFS="LT180"
                    BASELINE="1015 4152 1120 4152 1402 4146 1698 4141 1834 4139 2052 4136 2292 4134 2436 4128 2926 4124 3204 4119" 
                    HPOS="1005"
                    VPOS="3992"
                    WIDTH="2195"
                    HEIGHT="179">
            <Shape><Polygon POINTS="1010 4149 1010 4171 3194 4160 3200 4115 3189 4020 2960 3992 2954 3992 2948 3992 2870 4020 2859 4026 1228 4026 1005 4026 1010 4149"/></Shape>
	    <String CONTENT="TIR. La raiſon en tous lieux eſt également forte."
                    HPOS="1005"
                    VPOS="3992"
                    WIDTH="2195"
                    HEIGHT="179"></String>
          </TextLine>
          <TextLine ID="tl_32"
                    TAGREFS="LT180"
                    BASELINE="1015 4272 1107 4272 1614 4300 1825 4261 2099 4260 2345 4263 2671 4251 2815 4248 2903 4247 3021 4247 3331 4260" 
                    HPOS="1005"
                    VPOS="4126"
                    WIDTH="2323"
                    HEIGHT="184">
            <Shape><Polygon POINTS="2753 4126 2608 4149 2524 4160 2507 4149 2479 4126 2457 4126 2407 4126 2340 4149 2312 4154 2284 4149 2239 4132 2234 4137 2178 4137 2122 4137 2099 4149 2083 4154 2066 4149 2032 4137 2010 4137 1954 4137 1949 4137 1938 4149 1926 4154 1837 4149 1753 4143 1731 4143 1675 4143 1619 4143 1569 4143 1513 4143 1457 4143 1401 4143 1346 4149 1290 4149 1234 4149 1178 4149 1122 4149 1066 4154 1010 4154 1010 4271 1005 4305 1926 4310 1932 4310 1993 4305 2356 4277 3317 4305 3328 4255 3328 4149 2759 4126 2753 4126"/></Shape>
	    <String CONTENT="ERA. L’eſſay n’en coûte rien, Melite eſt à fa porte;"
                    HPOS="1005"
                    VPOS="4126"
                    WIDTH="2323"
                    HEIGHT="184"></String>
          </TextLine>
          <TextLine ID="tl_33"
                    TAGREFS="LT180"
                    BASELINE="1204 4390 1533 4400 1659 4385 1791 4382 2087 4378 2311 4373 2453 4372 2867 4369 3121 4364" 
                    HPOS="1195"
                    VPOS="4266"
                    WIDTH="1921"
                    HEIGHT="156">
            <Shape><Polygon POINTS="1697 4283 1642 4294 1586 4299 1530 4299 1474 4294 1418 4294 1362 4288 1306 4288 1251 4283 1245 4277 1195 4277 1200 4389 1200 4422 3110 4400 3116 4361 3099 4266 1742 4277 1697 4283"/></Shape>
	    <String CONTENT="Allons, &amp; tu verras dans ſes aimables traits"
                    HPOS="1195"
                    VPOS="4266"
                    WIDTH="1921"
                    HEIGHT="156"></String>
          </TextLine>
          <TextLine ID="tl_34"
                    TAGREFS="LT180"
                    BASELINE="1201 4510 1412 4512 1554 4508 2004 4503 2314 4509 2524 4495 2654 4496 3018 4491 3370 4495" 
                    HPOS="1195"
                    VPOS="4372"
                    WIDTH="2172"
                    HEIGHT="162">
            <Shape><Polygon POINTS="2032 4383 1977 4383 1921 4383 1865 4383 1809 4383 1753 4383 1697 4383 1642 4389 1586 4394 1530 4394 1474 4394 1418 4394 1362 4394 1306 4394 1251 4394 1195 4389 1200 4506 1200 4534 3362 4517 3367 4489 3356 4372 2077 4377 2032 4383"/></Shape>
	    <String CONTENT="Tant de charmans appas, tant de brillans attraits,"
                    HPOS="1195"
                    VPOS="4372"
                    WIDTH="2172"
                    HEIGHT="162"></String>
          </TextLine>
          <TextLine ID="tl_35"
                    TAGREFS="LT180"
                    BASELINE="1205 4658 1394 4634 1516 4631 1752 4630 2014 4625 2538 4619 2620 4618 3200 4613" 
                    HPOS="1195"
                    VPOS="4495"
                    WIDTH="1999"
                    HEIGHT="167">
            <Shape><Polygon POINTS="2368 4506 2312 4506 2256 4506 2200 4506 2183 4506 1195 4512 1200 4657 1200 4662 3189 4640 3194 4612 3183 4495 2390 4500 2368 4506"/></Shape>
	    <String CONTENT="Que tu ſeras forcé toy-meſme à reconnoiſtre"
                    HPOS="1195"
                    VPOS="4495"
                    WIDTH="1999"
                    HEIGHT="167"></String>
          </TextLine>
          <TextLine ID="tl_36"
                    TAGREFS="LT180"
                    BASELINE="1208 4784 1397 4754 1493 4753 1607 4754 1791 4749 1943 4750 2175 4757 2361 4779 2579 4741 2873 4739 3017 4735 3081 4735 3325 4732" 
                    HPOS="1200"
                    VPOS="4618"
                    WIDTH="2123"
                    HEIGHT="195">
            <Shape><Polygon POINTS="2423 4623 2368 4623 2312 4623 2256 4623 2250 4623 2127 4640 2072 4646 2060 4640 2021 4623 1982 4629 1965 4629 1949 4646 1938 4646 1904 4646 1731 4629 1703 4634 1647 4634 1608 4634 1591 4651 1586 4651 1580 4651 1463 4634 1424 4634 1379 4634 1334 4640 1312 4646 1284 4646 1200 4657 1206 4780 1206 4791 1630 4813 1636 4813 1642 4813 1647 4813 1647 4807 1653 4807 1669 4785 1675 4785 1776 4807 1781 4807 1787 4807 1854 4785 1871 4774 3323 4757 3323 4729 3311 4618 2507 4634 2490 4634 2446 4623 2423 4623"/></Shape>
	    <String CONTENT="Que ſi je suis un fou, j’ay bien raiſon de l&#x27;eſtre."
                    HPOS="1200"
                    VPOS="4618"
                    WIDTH="2123"
                    HEIGHT="195"></String>
          </TextLine>
          <TextLine ID="tl_37"
                    TAGREFS="LT180"
                    BASELINE="1026 4884 1128 4884 1621 4887 1746 4875 1882 4871 2178 4867 2374 4867 2636 4866 2750 4863 3078 4861" 
                    HPOS="1016"
                    VPOS="4735"
                    WIDTH="2061"
                    HEIGHT="184">
            <Shape><Polygon POINTS="2859 4740 2803 4740 2747 4740 2692 4740 2652 4740 2574 4740 2524 4752 2468 4757 2412 4768 2356 4774 2301 4768 2245 4763 2189 4757 2133 4752 2077 4752 2021 4752 1965 4752 1910 4752 1854 4752 1831 4752 1597 4752 1574 4757 1519 4757 1463 4757 1418 4757 1401 4757 1351 4763 1295 4768 1239 4774 1234 4757 1016 4757 1022 4880 1022 4919 3077 4908 3077 4858 3066 4735 2887 4735 2859 4740"/></Shape>
	    <String CONTENT="TIR. Allons, &amp; tu verras que toute ſa beauté"
                    HPOS="1016"
                    VPOS="4735"
                    WIDTH="2061"
                    HEIGHT="184"></String>
          </TextLine>
          <TextLine ID="tl_38"
                    TAGREFS="LT180"
                    BASELINE="1203 5002 1332 5003 1642 5001 1812 4997 2178 4993 2498 4989 2612 4988 2926 4980" 
                    HPOS="1195"
                    VPOS="4863"
                    WIDTH="1725"
                    HEIGHT="190">
            <Shape><Polygon POINTS="2870 4863 2814 4863 2759 4863 2703 4863 2647 4863 2591 4869 2535 4869 2479 4869 2423 4869 2368 4869 2312 4869 2256 4869 2200 4869 2144 4869 2088 4869 2032 4869 1977 4869 1921 4869 1865 4874 1809 4874 1753 4874 1697 4880 1642 4886 1586 4886 1530 4886 1474 4886 1418 4886 1362 4886 1306 4886 1251 4886 1195 4886 1200 4997 1200 5053 2920 5020 2920 4975 2904 4863 2870 4863"/></Shape>
	    <String CONTENT="Ne ſçaura me tourner contre la vérité."
                    HPOS="1195"
                    VPOS="4863"
                    WIDTH="1725"
                    HEIGHT="190"></String>
          </TextLine>
        </TextBlock>
      </PrintSpace>
    </Page>
  </Layout>
</alto>
