4267 6587
1032 290 154 176 iv

1795 290 1379 193 AV LECTEVR.

1147 466 2719 181 Nous prononçons l'ſ de quatre diverses manieres: tantoſt nous

1021 565 2845 214 l'aſpirons, comme en ces mots, peſte, chaſte; tantoft elle allonge

1021 697 2839 181 la ſyllabe, comme en ceux-cy, paſte, teſte; tantoſt elle ne fait au¬

1015 823 2840 192 cun ſon, comme à eſbloüir, eſbranler, il eſtoit; & tantoſt elle ſe

1010 955 2845 181 prononce comme vn z; comme à preſider, preſumer. Nous n’a¬

1010 1059 2845 203 uons que deux differens caracteres, ſ & s, pour ces quatre diffe¬

1010 1180 2839 181 rentes prononciations; il faut donc eſtablir quelques maximes ge¬

1004 1295 2845 181 nerales pour faire les diſtinctions entieres. Cette lettre ſe rencon¬

1004 1416 2840 192 tre au commencement des mots, ou au milieu, ou à la fin. Au

1004 1531 2840 198 commencement elle aſpire toûjours; ſoy, ſien, ſauuer, ſuborner:

1004 1652 2840 214 à la fin, elle n’a preſque point de ſon, & ne fait qu’allonger tant

999 1767 2845 209 ſoit peu la ſyllabe; quand le mot qui ſuit ſe commence par vne

999 1899 2845 181 conſone, & quand il commence par vne voyelle, elle ſe détache

993 2009 2840 203 de celuy qu'elle finit pour ſe joindre auec elle, & ſe prononce toû¬

988 2118 2845 225 jours comme vn z, ſoit quelle ſoit précedée par vne conſone, ou

988 2245 697 175 par vne voyelle.

1103 2365 2730 209 Dans le milieu du mot, elle eſt, ou entre deux voyelles, ou aprés

983 2475 2839 209 vne conſone, ou auant vne conſone. Entre deux voyelles elle paſ¬

983 2601 2844 214 ſe touſiours pour z, & aprés vne conſone elle aſpire touſiours, &

977 2728 2845 208 cette difference ſe remarque entre les verbes compoſez qui viennent

977 2854 2845 203 de la meſme racine. On prononce prezumer, reZiſter, mais on ne

966 2980 2850 203 prononce pas conzumer, ny perzifler: Ces régles n’ont aucune ex¬

966 3095 2850 209 ception, & j’ay abandonné en ces rencontres le choix des caracteres

972 3200 2839 219 à l’Imprimeur, pour ſe ſeruir du grand ou du petit, ſelon qu’ils ſe

961 3326 2844 209 ſont le mieux accommodez auec les lettres qui les joignent. Mais ie

955 3452 2850 203 n'en ay pas fait de meſme, quand l'ſ eſt auant vne conſone dans le

955 3562 2845 236 milieu du mot, & ie n’ay pû ſouffrir que ces trois mots, reſte, tem¬

944 3710 2856 170 peſte, vous eſtes, fuſſent eſcrits l’vn comme l’autre, ayant des pro¬

950 3820 2844 192 nonciations ſi differentes. I’ay reſerué la petite s pour celle où la ſylla¬

944 3913 2845 242 be eſt aſpirée, la grande pour celle où elle eſt ſimplement allongée,

944 4040 2850 230 & l'ay ſupprimée entierement au troiſiéme mot où elle ne fait point

944 4160 2839 231 de ſon, la marquant ſeulement par vn accent ſur la lettre qui la

933 4292 2850 214 précede. I’ay donc fait ortographer ainſi les mots ſuiuants & leurs

933 4413 2845 230 ſemblables, peste , funeste, chaste, reſiste, espoir: tempeſte, haſte,

933 4523 2839 241 teſte: vous étes, il étoit, ébloüir, écouter, épargner, arréter. Ce der¬

928 4643 2839 236 nier verbe ne laiſſe pas d’auoir quelques temps dans ſa conjugaiſon,

928 4764 2844 220 où il faut luy rendre l'ſ parce qu'elle allonge la ſyllabe; comme à

922 4874 2839 236 l'imperatif arreſte, qui rime bien auec teſte: mais à l’infinitif & en

922 5017 2839 214 quelques autres où elle ne fait pas cet effet, il eſt bon de la ſupprimer

917 5126 2756 220 & eſcrire, j'arrétois, j'ay arrété, j'arréteray, nom arrétons, &c.

1026 5242 2724 219 Quant à l'e nous en auons de trois ſortes. L’e feminin qui ſe

911 5368 2834 280 rencontre touſiours, ou ſeul, ou en diphtongue dans toutes les der¬
