4267 6647
2526 5694 233 188 L iij

1329 409 1131 161 TRAGEDIE,

3208 481 150 189 85

631 564 2006 178 Briſons-là, ce discours vous faſcheroit enfin,

631 686 2145 194 Et c'étoit pour tromper la longueur du chemin,

626 808 2455 183 Qu'après pluſieurs discours, ne ſçachant que vous dire,

626 936 2272 171 I’ay touché ſur un point dont voſtre cœur ſoûpire,

626 1052 2078 188 Et dequoy fort ſouvent on aime mieux parler,

626 1174 2033 172 Que de perdre ſon temps à des propos en l'air.

437 1285 2378 216 DOR. Amy, ne porte plus la ſonde en mon courage,

615 1418 2094 182 Ton entretien commun me charme davantage,

615 1539 1845 178 Il me peut me laſſer, indifferent qu’il eſt;

604 1650 1972 177 Et ce n’eſt pas auſſi ſans ſujet qu’il me plaiſt.

609 1783 1613 172 Ta converſation eſt tellement civile,

604 1911 2144 171 Que pour un tel esprit ta naiſſance eſt trop vile,

604 2027 1939 177 Tu n'as de villageois que l’habit & le rang,

598 2143 1856 183 Tes rares qualitez te font d’un autre ſang;

598 2271 2067 193 Meſme plus je te voy, plus en toy je remarque

592 2387 2195 199 Des traits pareils à ceux d’un Cavalier de marque,

592 2514 2012 189 Il s’appelle Pymante, & ton air, & ton port,

587 2636 2072 172 Ont avec tous les ſiens un merveilleux rapport.

410 2758 2316 188 PYM. I’en ſuis tout glorieux, & de ma part je priſe

581 2880 1968 172 Voſtre rencontre autant que celle de Doriſe,

581 3007 1879 172 Autant que ſi le Ciel appaiſant ſa rigueur,

581 3129 2062 166 Me faiſoit maintenant un preſent de ſon cœur.

398 3223 2572 200 DOR. Qui nommes-tu Doriſe? PYM. Vne jeune cruelle

570 3373 2505 172 Qui me fuit pour un autre. DOR. Et ce rival s'appelle?

393 3484 2510 194 PTM. Le Berger Roſidor. DOR. Amy, ce nom ſi beau

565 3622 2216 177 Chez vous donc ſe profane à garder un troupeau?

387 3705 2577 216 PTM. Madame, il ne faut plus que mon feu vous déguiſe

565 3855 2011 171 Que ſous ces faux habits il reconnoit Doriſe.

559 3982 2112 161 Ie ne ſuis point ſurpris de me voir dans ces bois

559 4104 1995 177 Ne paſſer à vos yeux que pour un villageois,

559 4226 2067 172 Voſtre haine pour moy fut toujours aſſez forte

548 4337 2045 182 Pour déferer ſans peine à l’habit que je porte;

554 4470 2083 155 Cette fauſſe apparence aide, & fuit vos mépris:

543 4597 2183 172 Mais cette erreur vers vous ne m'a jamais ſurpris,

548 4713 1956 178 Ie ſçay trop que le Ciel n’a donné l’avantage

543 4830 1862 182 De tant de raretez qu'à voſtre ſeul viſage,

548 4952 2123 171 Si-toſt que je l’ay veu, j’ay creu voir en ces lieux

543 5073 2006 167 Doriſe déguiſée, ou quelqu'un de nos Dieux;

543 5195 2321 172 Et ſi j’ay quelque temps feint de vous méconnoiſtre,

537 5317 2344 177 En vous prenant pour tel que vous vouliez paroiſtre,

543 5445 1778 155 Admirez mon amour dont la discrétion

537 5555 1696 250 Rendoit à vos deſirs cette ſubmiſſion,
