4267 6626
1199 380 1161 133 COMEDIE.

3111 375 150 210 15

552 541 2206 132 Mais il vaut mieux t’en rire, & pour dernier effort

558 629 2122 182 Luy montrer en raillant combien elle a de tort.

1000 855 1625 293 SCENE II

707 1170 2222 215 ERASTE, MELITE.

392 1479 249 177 ERA.

956 1479 2255 183 Voy, ſeule & ſans Tircis vraiment c’eſt un prodige,

713 1474 226 331 Q

961 1612 1946 165 Et ce nouvel amant déja trop vous neglige,

563 1744 1625 155 Laiſſant ainſi couler la belle occaſion

563 1860 1780 160 De vous conter l'excez de ſon affection.

386 1954 2510 193 MEL. Vous ſçavez que ſon ame en eſt fort dépourveuë.

386 2103 2410 166 ERA. Toutesfois, ce dit-on, depuis qu’il vous a veuë,

569 2230 1890 160 Il en porte dans l'ame un ſi doux ſouvenir,

580 2335 1973 177 Qu’il n’a plus de plaiſirs qu’à vous entretenir.

392 2473 2200 160 MEL. Il a lieu de s’y plaire avec quelque justice,

580 2606 2073 160 L’Amour ainſi qu’à luy me paroit un ſupplice,

574 2700 2161 176 Et ſa froideur qu’augmente un ſi lourd entretien

580 2843 2078 160 Le reſout d’autant mieux à n’aimer jamais rien.

403 2959 2084 166 ERA. Dites à n’aimer rien que la belle Melite.

403 3086 2261 155 MEL. Pour tant de vanité j’ay trop peu de merite.

409 3186 2271 182 ERA. En faut-il tant avoir pour ce nouveau venu?

414 3296 2885 215 MEL. Vn peu plus que pour vous. ERA. De vray, j’ay reconnu,

585 3451 2018 143 Vous avant pû ſervir deux ans, & davantage,

591 3561 2205 177 Qu'il faut ſi peu que rien à toucher mon courage.

420 3677 2094 182 MEL. Encor ſi peu que c'eſt vous étant refuſé,

596 3793 2023 177 Préſumez comme ailleurs vous ſerez mepriſé.

420 3925 2415 172 ERA. Vos mépris ne ſont pas de grande conſequence,

602 4063 1995 155 Et ne vaudront jamais la peine que j'y penſe;

607 4168 2184 166 Sçachant qu’il vous voyoit, je m’étois bien douté

613 4295 1846 172 Que je ne ſerois plus que fort mal écouté.

431 4422 2304 155 MEL. Sans que mes actions de plus prés j’examine,

613 4544 2023 171 A la meilleure humeur je fais meilleure mine,

613 4665 1940 160 Et s’il m’oſoit tenir de ſemblables discours,

613 4759 2388 199 Nous romprions enſemble avant qu’il fuſt deux jours.

442 4903 2492 165 ERA. Si chaque objet nouveau de meſme vous engage,

624 5030 2056 165 Il changera bien-toſt d’humeur & de langage:

624 5157 1819 149 Caressé maintenant auſſi-toſt qu’aperceu,

630 5262 2061 182 Qu’auroit-il à ſe plaindre, eſtant ſi bien receu?

453 5383 2045 177 MEL. Eraste, voyez-vous, tréve de jalouſie,

635 5516 1730 243 Purgez voſtre cerveau de cette frenéſie,
