4267 6626
3216 480 89 166 5

1238 414 1193 149 COMEDIE

2647 5676 254 160 A iij

602 601 1724 122 Ces viſages d'éclat ſont bons à cajoler,

596 673 2112 171 C’eſt-là qu’un apprentif doit s'instruire à parler,

596 795 2333 198 I’aime à remplir de feux ma bouche en leur preſence,

585 916 1929 177 La mode nous oblige à cette complaiſance,

596 1038 2084 182 Tous ces discours de Livre alors ſont de ſaiſon,

585 1148 1907 177 Il faut feindre du mal, demander gueriſon,

585 1281 2128 176 Donner ſur le Phœbus, promettre des miracles,

580 1402 1951 171 Iurer qu’on briſera toutes ſortes d'obstacles,

580 1523 1923 166 Mais du vent & cela doivent eſtre tout un.

403 1628 2426 199 ERA. Paſſe pour des beautez qui ſont dans le commun.

580 1766 1835 172 C’eſt ainſi qu’autrefois j’amuſay Criſolite,

574 1882 2128 183 Mais c'eſt d’autre façon qu’on doit ſervir Melite.

569 2004 1829 154 Malgré tes ſentimens il me faut accorder

574 2147 1940 150 Que le souverain bien n’eſt qu’à la poſſeder.

569 2252 2343 188 Le jour qu'elle naſquit, Venus, quoy qu’immortelle,

569 2374 1973 171 Penſa mourir de bonte en la voyant ſi belle,

569 2495 1901 166 Les Graces à l’envy deſcendirent des Cieux

569 2617 2244 176 Pour ſe donner l’honneur d’accompagner ſes yeux,

569 2738 2122 194 Et l’Amour qui ne pût entrer dans ſon courage,

569 2860 1829 154 Voulut obstinément loger ſur ſon viſage.

392 2965 2410 198 TIR. Tu le prens d’un haut ton, & je croy qu’au besoin

574 3103 1962 176 Ce discours emphatique iroit encor bien loin.

580 3224 2272 188 Pauvre amant, je te plains, qui ne ſçais pas encore

580 3346 2023 171 Que bien qu’une beauté merite qu'on l’adore,

574 3467 2045 155 Pour en perdre le gouſt, on n’a qu’à l'épouſer.

574 3589 1918 160 Vn bien qui nous eſt dû ſe fait ſi peu priſer,

574 3705 1929 171 Qu'une femme fuſt-elle entre toutes choiſie,

574 3837 1819 155 On en voit en ſix mois paſſer la fantaiſie.

580 3947 2161 172 Tel au bout de ce temps n’en voit plus la beauté

580 4086 1829 160 Qu'avec un esprit ſombre, inquiet, agité;

580 4196 2106 166 Au premier qui luy parle, ou jette l’œil fur elle,

580 4312 2078 160 Mille ſottes frayeurs luy broüillent la cervelle;

580 4433 2050 166 Ce n’eſt plus lors qu’une aide à faire un favory,

580 4549 2205 183 Vn charme pour tout autre & non pour un mary.

409 4654 2255 194 ERA. Ces caprices honteux, & ces chimeres vaines

580 4792 2128 171 Ne ſçauroient ébranler des cervelles bien ſaines,

591 4919 2144 177 Et quiconque a ſceu prendre une fille d’honneur,

591 5041 1929 160 N’a point à redouter l’appas d’un ſuborneur.

414 5146 2239 182 TIR. Peut-eſtre dis-tu vray, mais ce choix difficile

602 5278 1923 166 Aſſez & trop ſouvent trompe le plus habile,

602 5394 2172 182 Et l’Hymen de ſoy-meſme eſt un ſi lourd fardeau,

607 5516 1957 265 Qu'il faut l’apprehender à l'égal du tombeau.
