4267 6763
997 388 169 226 80

1803 411 1381 175 CLITANDRE,

1194 625 2018 118 Non-pas que je ſoûpire après une vangeance,

1194 693 2188 174 Qui ne peut me donner qu’une fauſſe allegeance,

1189 817 2294 157 Le Prince aime Clitandre, & mon respect conſent

1200 941 1742 169 Que son affection le declare innocent:

1189 1065 1871 157 Mais ſi quelque pitié d’une telle infortune

1189 1189 2221 169 Peut ſouffrir aujourd’huy que je vous importune,

1189 1313 1984 157 Oſtant par un Hymen l’espoir à mes rivaux,

1194 1437 1855 157 Sire, vous taririez la source de nos maux.

1008 1538 2193 192 ALC. Tu fuis à te vanger, l’objet de ta Maîtreſſe

1189 1685 2147 163 Fait qu’un tel deſir cede à l’amour qui te preſſe:

1194 1814 2013 169 Auſſi n’eſt-ce qu’à moy de punir ces forfaits,

1183 1927 1934 152 Et de montrer à tous par de puiſſans effets

1189 2045 2317 175 Qu'attaquer Roſidor c’eſt ſe prendre à moy-meſme,

1183 2181 2165 152 Tant je veux que chacun respecte ce que j'aime,

1183 2299 2013 158 Ie le feray bien voir. Quand ce perfide tour

1189 2423 2091 169 Auroit eu pour objet le moindre de ma Cour,

1183 2547 2046 180 Ie devrois au Public par un honteux ſupplice

1183 2671 1759 163 De telles trahiſons l’exemplaire justice.

1183 2795 2058 169 Mais Roſidor ſurpris, & bleſſé comme il l’eſt.

1178 2924 2333 170 Au devoir d’un vray Roy joint mon propre intereſt.

1172 3043 1871 175 Ie luy feray ſentir, à ce traiſtre Clitandre,

1178 3172 2542 175 Quelque part que le Prince y puiſſe, ou vueille prendre,

1172 3296 1708 164 Combien mal à propos ſa folle vanité

1172 3415 1877 158 Croyoit dans ſa faveur trouver l’impunité,

1172 3539 1866 180 Ie tiens cét aſſaſſin, un ſoupçon veritable,

1172 3663 2277 180 Que m’ont donné les corps d’un couple detestable,

1166 3792 2080 175 De ſon laſche attentat m’avoit ſi bien instruit,

1166 3911 1883 169 Que déja dans les fers il en reçoit le fruit.

1296 4035 1905 174 Toy qu’avec Roſidor le bonheur a ſauvée.

1166 4147 1827 186 Tu te peux aſſeurer que Doriſe trouvée,

1161 4283 2429 186 Comme ils avoient choiſi meſme heure à voſtre mort,

1161 4401 2260 180 En meſme heure tous deux auront un meſme ſort.

980 4508 2001 214 CAL. Sire, ne ſongez pas à cette miſerable,

1161 4649 1736 180 Roſidor garanty me rend ſa redevable,

1161 4779 1922 174 Et je me ſens forcée à luy vouloir du bien,

1161 4897 1860 175 D’avoir à voſtre Etat conſervé ce ſoûtien.

975 5032 2198 164 ALC. Le genereux orgueil des âmes magnanimes

1155 5145 2136 180 Par un noble dédain ſçait pardonner les crimes:

1161 5263 2266 198 Mais voſtre aspect m’emporte à d’autres ſentimens,

1149 5370 2030 226 Dont je ne puis cacher les justes mouuemens;

1155 5511 2103 186 Ce teint paſle à tous deux me rougit de colere,

1149 5630 2148 253 Et vouloir m'adoucir, c’eſt vouloir me déplaire.

3635 5782 226 237 ROS.
