4267 6735
1004 336 163 180 12

1869 297 1162 219 MELITE,

1566 594 1724 225 SCENE V.

993 864 2858 224 TIRCIS, PHILANDRE, CLORIS.

988 1184 252 191 TIR.

2436 1066 191 342 S

2638 1217 1005 186 I j’en croy l’apparence,

1167 1324 1943 196 Mon arrivée icy fait quelque contre-temps.

976 1436 2735 247 PHI. Que t’en ſemble, Tircis? TIR. Ie vous voy ſi contens,

1162 1599 2307 168 Qu'à ne vous rien celer touchant ce qu’il me ſemble

1156 1717 2055 185 Du divertiſſement que vous preniés enſemble,

1156 1840 2308 169 De moins ſorciers que moy pourroient bien deviner

1150 1964 2050 157 Qu'un troiſiéme ne fait que vous importuner.

965 2048 2751 241 CLO. Dy ce que tu voudras, nos feux n'ont point de crimes,

1145 2211 2038 168 Et pour t’apprehender ils ſont trop legitimes,

1145 2334 2133 169 Puis qu’un Hymen ſacré promis ces jours paſſez

1150 2458 1904 163 Sous ton conſentement les authoriſe aſſez.

960 2564 2245 180 TIR. Ou je te connois mal, ou ſon heure tardive

1145 2705 1774 157 Te deſoblige fort de ce qu’elle n’arrive.

954 2806 2841 202 CLO. Ta belle humeur te tient, mon frere. TIR. Aſſeurément.

948 2935 2600 191 CLO. Le ſujet? TIR. I’en ay trop dans ton contentement.

954 3070 2712 190 CLO. Le cœur t’en dit ailleurs. TIR. Il eſt vray, je te jure,

1128 3193 2605 225 I’ay veu je ne ſçay quoy... CLO. Dy tout, je t’en conjure.

948 3300 2448 207 TIR. Ma foy, ſi ton Philandre avoit veu de mes yeux,

1128 3446 2206 162 Tes affaires, ma ſœur, n’en iroient gueres mieux.

943 3535 2296 208 CLO. I'ay trop de vanité pour croire que Philandre

1128 3693 2206 185 Trouve encor aprés moy qui puiſſe le ſurprendre.

937 3799 2083 185 TIR. Tes vanitez à part, repoſe-t’en ſur moy,

1128 3934 2083 174 Que celle que j’ay veuë eſt bien autre que toy.

932 4052 2402 185 PHI. Parle mieux de l’objet dont mon ame eſt ravie,

1117 4198 2100 157 Ce blaspheſme à tout autre auroit coûté la vie.

937 4276 2841 219 TIR. Nous tomberons d’accord ſans nous mettre en pourpoint.

932 4433 2324 174 CLO. Encor cette beauté, ne la nomme-t’on point?

932 4551 2414 185 TIR. Non pas ſi-toſt, Adieu, ma preſence importune

1117 4675 2100 185 Te laiſſe à la mercy d’Amour, & de la Brune,

1117 4798 1914 169 Continuez les jeux que vous avez quittez.

926 4905 1993 191 CLO. Ne croy pas éviter mes importunitez;

1111 5040 1954 174 Ou tu diras le nom de cette incomparable,

1106 5163 1948 180 Ou je vay de tes pas me rendre inſeparable.

926 5275 2077 197 TIR. Il n’eſt pas fort aiſé d’arracher ce ſecret,

1111 5410 2600 185 Adieu, ne perds point temps. CLO. O l’amoureux diſcret!

1106 5528 2049 286 Et bien, nous allons voir ſi tu ſçauras te taire.
