4267 6834
928 421 171 142 88

1748 405 1351 158 CLITANDRE,

1384 939 2039 296 ACTE IV

979 1440 2877 302 SCENE PREMIERE

1304 1736 2216 234 PYMANTE, DORISE.

945 2021 314 228 DOR.

1709 2067 1994 182 E te le dis encor, tu perds temps à me ſuivre.

1726 2203 1868 149 Souffre que de tes yeux ta pitié me delivre,

1395 2044 154 518 I

1720 2317 2005 160 Tu redoubles mes maux par de tels entretiens.

1697 2426 2148 210 PY. Prenez à voſtre tour quelque pitié des miens,

1127 2562 1898 177 Madame, & tariſſez ce deluge de larmes,

1127 2693 2211 171 Pour r’appeller un mort ce ſont de foibles armes,

1127 2824 2023 154 Et quoy que vous conſeille un inutile ennuy,

1127 2938 2274 177 Vos cris & vos ſanglots ne vont point jusqu'à luy.

945 3063 2507 171 DOR. Si mes ſanglots ne vont où mon cœur les envoye,

1127 3200 2171 165 Du moins par eux mon ame y trouvera la voye,

1127 3325 1818 160 S’il luy faut un paſſage afin de s’envoler,

1127 3451 1926 159 Ils le luy vont ouvrir en le fermant à l’air.

1133 3576 2421 171 Sus donc, ſus, mes ſanglots, redoublez vos ſecouſſes,

1122 3696 2170 165 Pour un tel deſespoir vous les avez trop douces,

1127 3827 2080 153 Faites pour m’étouffer de plus puiſſans efforts.

934 3940 2524 171 PYM. Ne songez plus, Madame, à rejoindre les morts:

1127 4077 2291 171 Penſez plûtoſt à ceux qui n’ont point d’autre envie

1127 4208 2057 160 Que d’employer pour vous le reste de leur vie;

1127 4328 1932 171 Penſez plûtoſt à ceux dont le ſervice offert,

1133 4453 1994 154 Accepté vous conſerve, & refuſé vous perd.

939 4567 2564 182 DOR. Crois-tu donc, aſſaſſin, m’acquerir par ton crime,

1127 4704 1983 159 Qu'innocent méprisé, coupable je t’estime?

1127 4846 2000 148 A ce conte tes feux n’ayant pû m’émouvoir,

1133 4954 1874 165 Ta noire perfidie obtiendroit ce pouvoir?

1127 5068 1812 182 Ie cherirois en toy la qualité de traiſtre,

1127 5205 1886 159 Et mon affection commencerait à naiſtre

1127 5324 1920 165 Lors que tout l'Vnivers a droit de te haïr?

945 5450 2148 188 PYM. Si j'oubliay l'honneur jusques à le trahir,

1133 5575 2119 159 Si pour vous poſſeder mon esprit tout de flame

1133 5700 2273 251 N a rien creu de honteux, n’a rien trouvé d'infame,

3594 5803 285 284 Voyez
