4267 6701
915 480 95 111 8

1776 435 1212 145 MELITE,

910 636 2636 112 MEL. Et quoy! tous les miroirs ont-ils de fauſſes glaces!

915 703 2491 168 ERA. Penſeriez-vous y voir la moindre de vos graces?

1094 832 1854 173 De ſi freſles ſujets ne ſçauroient exprimer

1094 971 2419 145 Ce qu'Amour dans les cœurs peut luy ſeul imprimer,

1089 1083 2323 167 Et quand vous en voudrez croire leur impuiſſance,

1094 1211 1804 140 Cette legere idée & foible connoiſſance

1094 1329 1938 167 Que vous aurez par eux de tant de raretez

1094 1440 2162 168 Vous mettra hors du pair de toutes les beautez.

910 1585 2418 162 MEL. Voila trop vous tenir dans une complaiſance,

1094 1703 2351 167 Que vous deuſſiez quitter, du moins en ma preſence,

1089 1831 1960 162 Et ne démentir pas le rapport de vos yeux,

1089 1948 1966 168 Afin d’avoir ſujet de m'entreprendre mieux.

915 2066 2642 190 ERA. Le rapport de mes yeux aux dépens de mes larmes

1089 2200 2278 150 Ne m'a que trop appris le pouvoir de vos charmes.

904 2328 2368 162 TIR. Sur peine d’eſtre ingrate, il faut de voſtre part

1094 2445 2100 162 Reconnoiſtre les dons que le Ciel vous départ.

904 2551 2335 179 ERA. Voyez que d’un ſecond mon droit ſe fortifie.

915 2685 2413 179 MEL. Voyez que ſon ſecours montre qu’il s’en défie.

904 2825 1866 162 TIR. Ie me range toûjours avec la verité.

904 2931 2463 162 MEL. Si vous la voulez ſuivre, elle eſt de mon cofté.

904 3076 2329 146 TIR. Ouy ſur voſtre visage, & non en vos paroles:

1083 3188 2011 162 Mais ceſſez de chercher ces refuites frivoles,

1083 3316 2128 168 Et prenant deſormais des ſentimens plus doux,

1083 3439 2111 157 Ne ſoyez plus de glace à qui bruſle pour vous.

904 3573 2223 146 MEL. Vn ennemy d'amour me tenir ce langage!

1089 3696 2033 145 Accordez voſtre bouche avec voſtre courage,

1083 3808 2134 162 Pratiquez vos conſeils, ou ne m’en donnez pas.

904 3925 2262 184 TIR. I'ay connu mon erreur auprés de vos appas,

1083 4054 2234 167 Il vous l’avoit bien dit. ERA. Ainſi ma prophetie

1083 4176 1905 157 Eſt, à ce que je voy, de tout point reüſſie.

899 4316 2357 151 TIR. Si tu pouvois produire en elle un meſme effet,

1083 4433 2402 157 Croy-moy, que ton bon-heur ſeroit bien-toſt parfait.

904 4567 2435 151 MEL. Pour voir ſi peu de choſe auſſi-toſt vous dédire

1083 4673 2106 151 Me donne à vos dépens de beaux ſujets de rire,

1083 4791 2072 156 Mais je pourrois bien-toſt à m'entendre flater,

1083 4925 2301 145 Concevoir quelque orgueil qu’il vaut mieux éviter.

1083 5042 2385 173 Excusez ma retraite. ERA. Adieu, belle inhumaine,

1089 5159 2088 157 De qui ſeule dépend, & ma joye, & ma peine.

899 5282 2379 162 MEL. Plus ſage à l’avenir, quittez ces vains propos,

1089 5411 1910 240 Et laiſſez voſtre esprit & le mien en repos.

3228 5651 569 340 SCENE
