4267 6626
1321 382 1204 164 COMEDIE.

3299 425 76 143 9

3404 5571 210 143 a Seul.

806 5698 409 121 Tome I.

1033 612 1796 254 SCENE III

873 894 2117 248 ERASTE, TIRCIS.

497 1170 293 260 ERA.

1105 1231 2133 177 Aintenant ſuis-je vn foû? meritay-je du blaſme?

801 1225 293 337 M

1116 1374 2067 177 Que dis-tu de l'objet, que dis-tu de ma flame?

502 1485 2421 199 TlR. Que veux-tu que j'en die ? elle a je ne ſçay quoy

685 1634 2062 160 Qui ne peut conſentir que l'on demeure à ſoy;

674 1744 2155 160 Mon cœur jusqu'à preſent à l'amour invincible,

674 1877 2260 166 Ne ſe maintient qu'à force aux termes d'inſenſible,

679 1998 2056 144 Tout autre que Tircis mourroit pour la servir.

497 2098 2316 171 ERA. Confeſſe franchement qu'elle a ſçeu te ravir,

679 2236 2189 165 Mais que tu ne veux pas prendre pour cette belle

679 2363 1835 154 Avec le nom d'amant le tiltre d’infidelle.

679 2484 2106 166 Rien que noſtre amitié ne t'en peut détourner;

679 2622 1857 149 Mais ta Muſe du moins facile à ſuborner

679 2733 1802 165 Avec plaiſir déja prépare quelques veilles

679 2860 2090 149 A de puissants efforts pour de telles merveilles.

491 2965 2084 171 TIR. En effet ayant veu tant & de tels appas,

674 3114 1929 143 Que je ne rime point, je ne le promets pas.

497 3208 2498 176 ERA. Tes feux n’iront-ils point plus avant que la rime?

497 3340 2299 171 TIR. Si je bruſle jamais, je veux bruſler ſans crime.

497 3462 2211 165 ERA. Mais ſi ſans y penſer tu te trouvois ſurpris?

497 3566 2526 194 TIR. Quitte pour décharger mon coeur dans mes écrits.

674 3705 2194 160 I'aime bien ces discours de plaintes, & d’alarmes,

674 3832 2321 171 De soûpirs, de ſanglots, de tourmens, & de larmes,

679 3953 2123 155 C’eſt dequoy fort ſouvent je baſtis ma chanſon,

679 4074 2184 144 Mais j'en connoy, ſans plus, la cadence & le ſon.

685 4196 2155 160 Souffre qu'en un Sonnet je m'efforce à dépeindre

679 4317 1874 166 Cét agréable feu que tu ne peux éteindre,

679 4433 1968 155 Tu le pourras donner comme venant de toy.

502 4538 2289 183 ERA. Ainſi ce cœur d’acier qui me tient ſous ſa loy

679 4682 1985 177 Verra ma paſſion pour le moins en peinture:

679 4803 1924 155 Ie doute neanmoins qu'en cette portraiture

685 4925 1879 154 Tu ne ſuives plûtoſt tes propres ſentimens.

502 5046 2211 155 TIR. Me prépare le Ciel de nouveaux châtimens

685 5157 2050 165 Si jamais un tel crime entre dans mon courage.

502 5262 2294 226 ERA. Adieu, je ſuis content, j'ay ta parole en gage,

679 5416 2023 155 Et ſçay trop que l’honneur t’en fera ſouvenir.

497 5527 2150 232 TIR.a En matiere d’amour rien n’oblige à tenir,

2857 5698 72 177 B
