4267 6735
1016 392 179 141 16

1908 314 1191 224 MELITE,

1195 555 1595 146 Laiſſez en liberté mes inclinations,

1201 651 1926 168 Qui vous a fait cenſeur de mes affections;

1195 763 2291 174 Eſt-ce à voſtre chagrin que j’en dois rendre conte?

1010 869 2835 231 ERA. Non, mais j’ay malgré moy pour vous un peu de honte,

1190 1015 2043 169 De ce qu’on dit par tout du trop de privauté

1190 1144 1684 163 Que déja vous ſouffrez à ſa temerité.

1004 1257 2460 191 MEL. Ne ſoyez en ſoucy que de ce qui vous touche.

999 1391 2397 180 ERA. Le moyen ſans regret de vous voir ſi farouche

1190 1509 2156 185 Aux legitimes vœux de tant de gens d’honneur,

1184 1627 1988 191 Et d'ailleurs ſi facile à ceux d’un ſuborneur?

999 1773 2577 174 MEL. Ce n’eſt pas contre luy qu’il faut en ma preſence

1179 1885 2021 163 Laſcher les traits jaloux de voſtre médiſance:

1184 2003 2005 169 Adieu, ſouvenez-vous que ces mots inſenſez

1179 2127 2217 179 L’avanceront chez moy plus que vous ne penſez.

1549 2374 1858 297 SCENE III.

1886 2694 1084 230 ERASTE.

1403 2946 2139 236 ’Eſt-là donc ce qu'enfin me gardoit ton caprice?

1156 2974 253 303 C

1409 3120 2156 191 C'eſt ce que j’ay gagné par deux ans de ſervice!

1167 3238 1960 180 C’eſt ainſi que mon feu s’étant trop abaiſſé,

1162 3356 1942 174 D’un outrageux mépris ſe voit recompenſé!

1162 3485 1903 174 Tu m’oſes préferer un traiſtre qui te flate,

1162 3608 2066 191 Mais dans ta laſcheté ne croy pas que j’éclate,

1156 3726 1993 180 Et que par la grandeur de mes reſſentimens

1156 3855 2010 169 Ie laiſſe aller au jour celle de mes tourmens.

1156 3979 1836 174 Vn aveu ſi public qu’en feroit ma colere

1150 4097 1921 179 Enfleroit trop l’orgueil de ton ame legere,

1150 4226 1881 174 Et me convaincroit trop de ce deſir abjet

1162 4349 2049 180 Qui m’a fait ſoûpirer pour un indigne objet.

1150 4467 2016 213 Ie ſçauray me vanger, mais avec l’apparence

1150 4602 2184 202 De n’avoir pour tous deux que de l’indifference,

1150 4720 1763 179 Il fut toûjours permis de tirer ſa raiſon

1145 4843 1493 180 D’une infidelité par une trahiſon.

1150 4967 1904 179 Tien, déloyal amy, tien ton ame aſſeurée

1150 5090 2010 185 Que ton heur ſurprenant aura peu de durée,

1145 5219 1903 191 Et que par une adreſſe égale à tes forfaits,

1139 5337 2094 191 Ie mettray le deſordre ou tu crois voir la paix.

1139 5466 2061 180 L’esprit fourbe & venal d’un voiſin de Melite

1139 5584 1932 253 Donnera prompte iſſuë à ce que je médite,

3537 5724 331 208 A ſervir
