4267 6834
1110 603 1880 143 Et dispoſez de moy qui borne mon envie

1122 700 2096 177 A prodiguer pour vous tout ce que j’ay de vie.

928 825 2535 183 DOR. Pymante, & quoy, faut-il qu'en l'état où je ſuis

1116 945 1954 171 Tes importunitez augmentent mes ennuis?

1116 1064 2034 194 Faut-il que dans ce bois ta rencontre funeste

1116 1195 2285 166 Vienne encor m’arracher le ſeul bien qui me reste,

1122 1344 2130 153 Et qu’ainſi mon malheur au dernier point venu

1122 1457 1783 166 N’oſe plus esperer de n’eſtre pas connu?

934 1577 2227 171 PYM. Voyez comme le Ciel égale nos fortunes,

1127 1697 2399 176 Et comme pour les faire entre nous deux communes,

1127 1839 2023 159 Nous reduiſant enſemble à ces déguiſemens,

1133 1959 2239 165 Il montre avoir pour nous de pareils mouvemens.

945 2072 2860 177 DOR. Nous changeons bien d’habits, mais non pas de viſages,

1127 2209 2632 165 Nous changeons bien d’habits, mais non pas de courages,

1133 2329 2040 176 Et ces masques trompeurs de nos conditions

1133 2454 1983 165 Cachent, ſans les changer, nos inclinations.

945 2591 2564 171 PYM. Me negliger toûjours! & pour qui vous neglige!

945 2699 2740 188 DOR. Que veux-tu? ſon mépris plus que ton feu m’oblige,

1133 2830 2017 182 I’y trouve malgré-moy je ne ſçay quel appas

1139 2967 1965 153 Par où l’ingrat me tuë, & ne m’offenſe pas.

951 3086 2341 165 PYM. Qu'esperez-vous enfin d’un amour ſi frivole

1145 3200 2290 177 Pour cét ingrat amant qui n’eſt plus qu’une idole?

962 3342 2553 177 DOR. Qu’une idole! ah, ce mot me donne de l'effroy,

1139 3468 1857 154 Roſidor une idole ah! perfide, c’eſt toy,

1145 3593 2164 165 Ce ſont tes trahiſons qui l’empeſchent de vivre,

1145 3718 2290 148 Ie t’ay veu dans ce bois moy-meſme le poursuivre,

1150 3861 1840 142 Avantagé du nombre, & vétu de façon,

1150 3963 2023 165 Que ce rustique habit effaçoit tout ſoupçon:

1156 4094 1926 148 Ton embuſche a ſurpris une valeur ſi rare.

962 4202 2347 183 PYM. Il eſt vray, j’ay puny l’orgueil de ce barbare,

1150 4339 2040 165 De cét heureux ingrat, ſi cruel envers vous,

1156 4459 2302 171 Qui maintenant par terre, & percé de mes coups,

1156 4595 2091 154 Eprouve par ſa mort comme un amant fidelle

1156 4709 2153 154 Vange voſtre beauté du mépris qu’on fait d’elle.

974 4852 2307 142 DOR. Monstre de la Nature, execrable bourreau,

1162 4977 2113 142 Après ce laſche coup qui creuſe mon tombeau,

1162 5091 2033 159 D’un compliment railleur ta malice me flate!

1162 5216 2170 171 Fuy, fuy, que deſſus toy ma vangeance n’éclate,

1167 5330 2456 182 Ces mains, ces foibles mains que vont armer les Dieux

1167 5467 2194 153 N’auront que trop de force à t’arracher les yeux,

1173 5592 1926 165 Que trop à t’imprimer ſur ce hideux viſage

1179 5717 2119 222 En mille traits de ſang les marques de ma rage.

917 455 165 142 86

1703 398 1441 182 CLITANDRE,
