4267 6647
1174 409 1308 150 TRAGEDIE.

3108 478 167 120 79

820 947 2011 365 ACTE III.

426 1423 2793 305 SCENE PREMIERE.

487 1772 2693 299 ALCANDRE, ROSIDOR, CALISTE,

1202 1988 1252 188 VN PREVOST.

404 2232 249 216 ALC.

1147 2248 1878 183 'ADMIRABLE rencontre a mon ame ravie,

1141 2398 2034 177 De voir que deux amants s’entredoivent la vie,

753 2237 305 515 L

1136 2503 1778 172 De voir que ton peril la tire de danger,

1141 2636 1906 200 Que le lien te fournit dequoy t’en dégager,

576 2752 1878 167 Qu’en deux deſſeins divers pareille jalouſie

570 2880 2322 183 Meſme lieu contre vous, & meſme heure a choiſie,

576 2996 2034 177 Et que l’heureux malheur qui vous a menacez

576 3129 1973 155 Avec tant de justeſſe a ſes temps compaſſez.

398 3218 2184 199 ROS. Sire, ajouſtez du Ciel l’occulte providence;

576 3367 2111 161 Sur deux amants il verſe une meſme influence,

570 3478 2178 166 Et comme l’un par l’autre il a ſçeu nous ſauver,

576 3600 2211 172 Il ſemble l’un pour l’autre exprès nous conſerver.

393 3716 2272 172 ALC. Ie t’entens, Roſidor, par là tu me veux dire

576 3860 2122 150 Qu'il faut qu’avec le Ciel ma volonté conspire,

576 3977 1657 166 Et ne s’oppoſe pas à ſes justes decrets

576 4110 2089 155 Qu'il vient de témoigner par tant d’avis ſecrets.

581 4220 2211 183 Et bien, je veux moy-meſme en parler à la Reine;

581 4342 1840 155 Elle se fléchira, ne t’en mets pas en peine.

587 4481 1696 144 Achevé ſeulement de me rendre raiſon

587 4586 1685 155 De ce qui t’arriva depuis ſa paſmoiſon.

410 4691 2333 172 ROS. Sire, un mot deſormais ſuffit pour ce qui reste.

703 4830 2051 160 Lyſarque & vos Archers depuis ce lieu funeste

592 4929 1973 200 Se laiſſerent conduire aux traces de mon ſang

587 5062 2072 178 Qui durant le chemin me dégouttoit du flanc,

592 5195 2001 155 Et me trouvant enfin deſſous un toit rustique

592 5312 1940 160 Ranimé par les ſoins de ſon amour pudique,

592 5433 1774 161 Leurs bras officieux m’ont icy rapporté,

604 5555 1834 233 Pour en faire ma plainte à voftre Majesté.
