4267 6626
1298 441 1178 144 COMEDIE.

3266 485 94 149 7

1017 686 1785 280 SCENE II

508 938 2802 293 ERASTE, MELITE, TIRCIS.

458 1297 282 182 ERA.

1000 1297 1990 188 E deux amis, Madame, appaiſez la querelle,

784 1286 210 326 D

1028 1435 1956 177 Vn esclave d’Amour le défend d’un rebelle,

635 1540 1868 171 Si toutefois un cœur qui n’a jamais aimé,

630 1673 2188 176 Fier & vain qu’il en eſt, peut dire ainſi nommé.

635 1816 2040 138 Comme dés le moment que je vous ay ſervie

635 1927 1835 154 I'ay creu qu’il eſtoit feul la veritable vie,

630 2048 2045 166 Il n'eſt pas merveilleux que ce peu de rapport

635 2170 1879 149 Entre nos deux esprits ait ſemé le discord.

641 2291 1923 160 Ie me ſuis donc piqué contre ſa médiſance,

641 2418 2017 171 Avec tant de malheur, ou tant d’inſuffiſance,

641 2534 1945 166 Que des droits ſi ſacrez & ſi pleins d’équité

641 2661 1586 166 N’ont pu ſe garantir de ſa ſubtilité,

641 2788 1978 160 Et je l'amene icy n'ayant plus que répondre,

646 2909 2305 161 Aſſeuré que vos yeux le ſçauront mieux confondre.

469 3014 2366 183 MEL. Vous deviez l’aſſeurer plûtoſt qu’il trouveroit

646 3152 1852 161 En ce mépris d’amour qui le ſeconderoit.

464 3263 2360 193 TIR. Si le cœur ne dédit ce que la bouche exprime,

641 3401 1978 154 Et ne fait de l’amour une plus haute estime,

646 3522 2112 149 Ie plains les malheureux à qui vous en donnez

652 3644 2205 154 Comme à d’étranges maux par leur ſort destinez.

464 3749 2388 176 MEL. Ce reproche ſans cauſe avec raiſon m’étonne,

646 3881 2156 171 Ie ne reçoy d’amour, & n’en donne à perſonne,

652 4008 2056 155 Les moyens de donner ce que je n’eus jamais?

475 4113 2404 188 ERA. Ils vous ſont trop aiſez, & par vous deſormais

657 4251 1918 160 La Nature pour moy montre ſon injustice,

663 4367 2205 160 A pervertir ſon cours pour croiſtre mon ſupplice.

480 4483 2410 166 MEL. Supplice imaginaire, & qui ſent ſon moqueur.

480 4616 2521 165 ERA. Supplice qui déchire, & mon ame, & mon cœur.

486 4743 2133 149 MEL. Il eſt rare qu’on porte avec ſi bon viſage

668 4859 2167 165 L'ame & le cœur ensemble en ſi triste équipage.

491 4969 2526 166 ERA. Voſtre charmant aspect ſuspendant mes douleurs,

674 5102 1984 154 Mon viſage du voſtre emprunte les couleurs.

491 5212 2548 171 MEL. Faites mieux, pour finir vos maux & voftre flame

674 5344 2393 155 Empruntez tout d’un temps les froideurs de mon ame.

497 5449 2686 199 ERA. Vous voyant, les froideurs perdent tout leur pouvoir,

679 5587 2051 249 Et vous n’en conſervez que faute de vous voir.
