4267 6606
1734 363 1118 137 DISCOVRS

776 403 99 108 x

770 517 3034 149 s'énoncer ſur les Maximes de la Morale, & de la Politique. Tous

765 633 3039 181 mes Poëmes demeureroient bien estropiez, ſi on en retranchoit ce que j'y

765 759 3039 154 en ay meſlé; mais encor un coup, il ne les faut pas pouſſer loin ſans les

765 891 3039 138 appliquer au particulier, autrement c'eſt un lieu commun, qui ne man¬

759 1001 3045 160 que jamais d'ennuyer l’Auditeur, parce qu'il fait languir l’action, &

759 1117 3040 182 quelque heureuſement que reüſſiſſe cet étalage de Moralitez, il faut toû¬

754 1244 3050 170 jours craindre que ce ne ſoit un de ces ornements ambitieux, qu'Horace

759 1376 1151 143 nous ordonne de retrancher.

891 1475 2908 170 I’avoüeray toutefois que les discours generaux ont ſouvent grace,

748 1612 3051 171 quand celuy qui les prononce & celuy qui les écoute ont tous deux l’es¬

737 1723 3050 176 prit aſſeZ tranquille, pour ſe donner raiſonnablement cette patience.

743 1838 3056 154 Dans le quatriéme Acte de Melite, la joye quelle a d'eſtre aimée de

743 1954 3050 176 Tircis luy fait ſouffrir ſans chagrin la remontrance de ſa Nourrice,

748 2091 3045 166 qui de ſon coſté fatisfait à cette démangeaifon, qu'Horace attribuë

737 2207 3056 154 aux vieilles gens, de faire des leçons aux jeunes; mais ſi elle ſçavoit

748 2317 3039 198 que Tircis la crûſt infidelle, & qu'il en fuſt au deſespoir, comme elle

743 2427 3044 182 l'apprend en ſuite, elle tien ſouffriroit pas quatre vers. Quelquefois

737 2570 3056 165 meſme ces discours ſont neceſſaires, pour appuyer des ſentimens, dont

732 2680 3055 177 le raiſonnement ne ſe peut fonder ſur aucune des actions particulieres

726 2796 3056 165 de ceux dont on parle. Rodogune au premier Acte ne ſçauroit justi¬

704 2912 3083 187 fier la défiance qu'elle a de Cleopatre, que par le peu de ſincerité qu'il

710 3044 3066 165 y a d’ordinaire dans les reconciliations des Grands après une offenſe ſi¬

721 3170 3061 160 gnalée, parce que depuis le Traité de Paix, cette Reine n’a rien fait

721 3291 3055 193 qui la doive rendre ſuspecte de cette haine, qu'elle luy conſerve dans

721 3413 3050 159 le cœur. L’aſſeurance que prend Meliſſe au quatriéme de la Suite du

721 3523 3044 187 Menteur ſur les premieres protestations d’amour que luy fait Dorante,

715 3649 3050 187 qu'elle n’a veu qu’une feule fois, ne ſe peut authoriſer que ſur la faci¬

715 3770 3050 177 lité & la promptitude que deux Amants neZ l’un pour l’autre ont à

715 3881 3045 176 donner croyance à ce qu’ils s’entrediſent; & les douze vers qui expri¬

710 4007 3050 187 ment cette Moralité en termes generaux ont tellement plû, que beau¬

710 4128 3039 182 coup de gens d’esprit n’ont pas dédaigné d’en charger leur memoire.

704 4249 3050 171 Vous en trouvereZ icy quelques autres de cette nature. La ſeule regle

704 4365 3050 204 qu’on y peut établir, c'eſt qu'il les faut placer judicieuſement, & ſur

704 4497 3039 204 tout les mettre en la bouche de gens qui ayent l’esprit ſans embarras, &

699 4629 2373 154 qui ne ſoient point emportez, par la chaleur de l'action.

836 4728 2902 193 La ſeconde utilité du Poëme Dramatique ſe rencontre en la naïfve

688 4855 3050 209 peinture des vices & des vertus, qui ne manque jamais à faire ſon

693 4971 3039 236 effet, quand elle eſt bien achevée, & que les traits en ſont ſi reconnoiſ¬

666 5097 3061 176 ſables, qu’on ne les peut confondre l’un dans l’autre, ny prendre le vice

682 5218 3045 198 pour vertu. Celle-cy ſe fait alors toûjours aimer, quoy que mal-heureuſe,

699 5334 3028 204 & celuy-là ſe fait toûjours haïr, bien que triomphant. Les Anciens ſe

666 5471 3055 232 ſont fort ſouvent contentez de cette peinture, ſans ſe mettre en peine de
