4267 6694
927 412 134 140 20

1798 362 1162 167 MELITE,

580 1271 252 134 a Il luy

575 1338 324 151 donne une

580 1455 173 151 lettre.

580 4964 324 101 b Eraſte eſt

614 5042 268 123 caché &

603 5126 290 134 les écoute.

1569 591 1636 256 SCENE V.

1122 892 2525 251 ERASTE, CLITON.

915 1221 330 195 ERA.a

1552 1243 2156 162 A-t'en chercher Philandre, & dy-luy que Melite

1318 1232 189 302 V

1541 1389 1636 145 A dedans ce billet ſa paſſion décrite,

1100 1478 2055 178 Dy-luy que ſa pudeur ne ſçauroit plus cacher

1100 1612 2122 167 Vn feu qui la conſume, & qu'elle tient ſi cher:

1094 1729 2156 178 Mais prens garde ſur tout à bien joüer ton rôle,

1094 1857 2111 173 Remarque ſa couleur, ſon maintien, ſa parole,

1089 1974 1787 162 Voy ſi dans la lecture un peu d'émotion

1094 2103 1687 145 Ne te montrera rien de ſon intention.

910 2209 2737 189 CLI. Cela vaut fait, Monſieur. ERA. Mais avec ton meſſage

1100 2348 2083 178 Taſche ſi dextrement de tourner ſon courage,

1100 2476 1653 156 Que tu viennes à bout de ſa fidelité.

915 2588 2128 173 CLI. Monſieur, repoſez-vous ſur ma ſubtilité,

1100 2722 2161 173 Il faudra malgré-luy, qu'il donne dans le piége,

1100 2850 1943 151 Ma telle ſur ce point vous ſervira de plége.

1105 2962 2519 178 Mais auſſi, vous ſçavez... ERA. Ouy, va, ſois diligent.

1217 3090 2301 184 Ces ames du commun n’ont pour but que l’argent,

1094 3207 2039 162 Et je n’ay que trop veu par mon experience...

1094 3335 2513 162 Mais tu reviens bien-toſt? CLI. Donnez-vous patience,

1094 3458 2296 173 Moniteur, il ne vous faut qu’un moment de loiſir,

1089 3575 2155 168 Et vous pourrez vous meſme en avoir le plaiſir.

904 3676 2854 206 ERA. Comment? CLI. De ce carfour j'ay veu venir Philandre,

1094 3826 2229 156 Cachez-vous en ce coin, & de là ſçachez prendre

1100 3943 1999 173 L’occaſion commode à ſeconder mes coups,

1100 4066 2083 184 Par là nous le tenons. Le voicy, ſauvez-vous.

1480 4300 1798 268 SCENE VI.

927 4641 2882 217 PHILANDRE, ERASTE, CLITON.

938 4908 273 201 PHI. b

1491 4908 1692 185 Velle reception me fera ma Maiſtreſſe?

1217.0 4920.0 257.0 295.0 Q

1496 5059 1642 151 Le moyen d'excuſer une telle pareſſe?

927 5171 2317 173 CLI. Monſieur, tout à à propos je vous rencontre icy

1105 5304 1860 151 Expreſſément chargé de vous rendre cecy.

915 5416 2631 173 PHI. Qu'eſt-ce? CLI. Vous allez voir en liſant cette lettre

1100 5539 2111 228 Ce qu’un homme jamais n’oſeroit ſe promettre,
