4267 6567
1681 322 1402 159 AV LECTEVR.

969 487 2750 147 ſeruer en la premiere impreſſion qui ſe pourra faire de ces Recueils.

1090 601 2716 165 La double ll dont ie viens de parler à l'occasion de l'e, a auſſi

969 727 2837 148 deux prononciations en noſtre Langue, l’vne ſeche & ſimple, qui

969 842 2832 159 ſuit l'Ortographe, l'autre molle qui ſemble y joindre vne h. Nous

964 974 2837 147 n’auons point de differents caracteres à les diſtinguer; mais on en

958 1083 2843 170 peut donner cette régle infaillible. Toutes les fois qu’il n’y a point

964 1214 2837 148 d'i auant les deux ll, la prononciation ne prend point cette mol¬

958 1318 2837 165 leſſe: En voicy des exemples dans les quatre autres voyelles, baller,

958 1444 2837 153 rebeller, coller, annuller. Toutes les fois qu’il y a vn i auant les deux

958 1559 2832 159 ll, ſoit ſeul, ſoit en diphtongue, la prononciation y adjouſte vne h.

958 1680 2832 153 On eſcrit bailler, éueiller, briller, chatoüiller, cueillir, & on pronon¬

953 1800 2842 153 ce baillher, éueillher, brillher, chatouillher, cueillhir. Il faut exce¬

953 1920 2842 159 pter de cette Régle tous les mots qui viennent du Latin & qui ont

953 2035 2837 164 deux ll, dans cette Langue; comme, ville, mille, tranquille,

947 2156 2848 158 imbecille, diſtille, illuſtre, illegitime, illicite, &c. Ie dis qui

942 2276 2853 159 ont deux ll en Latin, parce que les mots de fille & famille en

947 2396 2843 159 viennent, & ſe prononcent auec cette molleſſe des autres, qui ont

942 2511 2848 165 l'i deuant les deux ll, & n’en viennent pas; mais ce qui fait cette

936 2626 2848 181 difference, c’eſt qu’ils ne tiennent pas les deux ll des mots Latins,

909 2752 2881 170 filia & familia, qui n’en ont qu’vne, mais purement de noſtre Lan¬

936 2878 2848 159 gue. Cette régie & cette exception ſont generales & aſſeurées.

936 3004 2848 153 Quelques Modernes pour oſter toute l’ambiguité de cette pronon¬

931 3113 2859 159 ciation, ont eſcrit les mots qui ſe prononcent ſans la molleſſe de

925 3228 2859 164 l'h, auec vne l ſimple, en cette maniere, tranquile, imbecile, di¬

898 3354 2886 170 ſtile, & cette Ortographe pourroit s’accommoder dans les trois

925 3469 2859 181 voyelles a, o, u, pour eſcrire ſimplement baler, affoler, annuler, mais

931 3589 2853 170 elle ne s’accommoderoit point du tout auec l'e, & on auroit de la

925 3710 2859 175 peine à prononcer fidelle & belle, ſi on eſcriuoit fidele & bele; l'i

925 3836 2854 164 meſme ſur lequel ils ont pris ce droit, ne le pourroit pas ſouffrir

925 3951 2849 180 touſiours, & particulierement en ces mots ville, mille, dont le

920 4071 2848 181 premier ſi on le reduiſoit à vne l ſimple, ſe confondroit auec vile,

914 4186 1485 170 qui a vne ſignification toute autre.

1035 4306 2728 181 Il y auroit encor quantité de remarques à faire ſur les differen¬

909 4416 2859 186 tes manieres que nous auons de prononcer quelques lettres en noſtre

909 4542 2854 180 Langue: mais ie n’entreprens pas de faire vn Traité entier de l'Or¬

909 4662 2848 192 tographe & de la prononciation, & me contente de vous auoir

909 4788 2854 181 donné ce mot d'auis touchant ce que j’ay innoué icy; comme les

909 4908 2848 186 Imprimeurs ont eu de la peine à s’y accouſtumer, ils n’auront pas

903 5018 2849 208 ſuiuy ce nouuel ordre ſi punctuellement, qu’il ne s’y ſoit coulé bien

903 5149 2049 257 des fautes, vous me ferez la grace d’y ſuppléer.

980 339 159 158 vj
