4267 6606
908 506 3045 154 pour exemple la Fleur d'Agathon, où les noms & les choſes étoient

919 594 3034 160 de pure invention, auſſi-bien qu’en la Comédie: mais les grands Su¬

924 715 3034 215 jets qui remuent fortement les paſſions, & en oppoſent l'impetuoſité

913 853 3045 148 aux loix du devoir, ou aux tendreſſes du ſang, doivent toujours aller

908 952 3034 193 au delà du vray-ſemblable, & ne trouveroient aucune croyance par¬

908 1078 3034 166 my les Auditeurs, s’ils n’étoient ſoûtenus, ou par l’authorité de

902 1189 3040 181 l’Histoire qui perſuade avec empire, ou par la préoccupation de l’opi¬

902 1315 3040 143 nion commune qui nous donne ces meſmes Auditeurs déjà tous per¬

886 1431 3061 192 ſuadez. Il n’eſt pas vray-ſemblable que Medée tuë ſes enfans, que

897 1546 3045 188 Clytemnestre aſaſſine ſon mary, qu Oreste poignarde ſa mere: mais

897 1668 3039 176 l’Histoire le dit, & la repreſentation de ces grands crimes ne trouve

880 1794 3062 187 point d’incredules. Il n'eft ny vray, ny vray-ſemblable, qu'Andro¬

891 1904 3051 187 mede exposée à un Monstre marin aye eſté garantie de ce peril par

891 2036 3045 154 un Cavalier volant, qui avait des aiſles aux pieds; mais c'eſt une

858 2152 3073 165 fiction que l’Antiquité a receuë,& comme elle l’a tranſmiſe jufqu'à

880 2262 3051 165 nous, perſonne ne s'en offenſe, quand il la voit ſur le Théatre. Il ne

875 2383 3056 165 ſeroit pas permis toutefois d’inventer ſur ces exemples. Ce que la ve¬

880 2499 3045 176 rité ou l’opinion fait accepter ſeroit rejetté, s’il n'avoit point d’autre

853 2620 3089 187 fondement qu’une reſſemblance à cette verité, ou à cette opinion. C’eſt

864 2752 3061 171 pourquoy noftre Docteur dit que les Sujets viennent de la Fortune, qui

869 2884 3051 154 fait arriuer les choſes, & non de l’Art qui les imagine. Elle eſt mai¬

869 2978 3051 187 treſſe des Evenemens, & le choix qu'elle nous donne de ceux quelle

869 3121 3056 154 nous preſente, envelope une ſecrette défenſe d’entreprendre ſur elle, &

864 3220 3050 182 d'en produire ſur la Scene qui ne ſoient pas de ſa façon. Auſſi les an¬

864 3336 3050 214 ciennes Tragedies ſe ſont arrétées autour de peu de familles, parce

858 3473 3045 171 qu’il étoit arrivé à peu de familles des choſes dignes de la Tragedie.

858 3589 3051 192 Les Siecles ſuivans nous en ont aſſeZ fourny, pour fanchir ces bor¬

858 3710 3051 176 nes, & ne marcher plus ſur les pas des Grecs; mais je ne penſe pas

858 3836 3056 199 qu’ils nous ayent donné la liberté de nom écarter de leurs Regles. Il

825 3941 3078 193 faut, s’il ſe peut, nous accommoder avec elles, & les amener jusques

853 4068 3045 165 à nous. Le retranchement que nous avons fait des Chœurs nom obli¬

831 4178 3083 203 ge à remplir nos Poëmes de plus d'Epiſodes qu’ils ne faiſoient, c'eft

847 4304 3045 177 quelque chofe de plus, mais qui ne doit pas aller au delà de leurs Ma¬

842 4420 2098 176 ximes, bien qu’il aille au delà de leur pratique.

985 4541 2907 209 Il faut donc favoir quelles ſont ces Regles, mais noſtre malheur

836 4662 3056 204 eſt, qu'Aristote & Horace après luy en ont écrit aſſeZ obscurément

825 4767 3056 204 pour avoir beſoin d’interpretes, & que ceux qui leur en ont voulu

820 4893 3056 237 ſeruir jusques icy ne les ont ſouvent expliqueZ qu'en Grammairiens,

836 5020 3034 204 ou en Philoſophes. Comme ils avoient plus d’étude & de ſpeculation,

831 5147 3039 198 que d’experience du Theatre, leur lecture nous peut rendre plus doctes,

831 5257 3034 286 mais non-pas nom donner beaucoup de lumieres fort ſeures pour y

831 5383 275 259 reüſſir.

3430 5532 429 220 Ie hazar¬

924 308 182 214 viiij

1844 302 1156 171 DISCOVRS
