4267 6735
932 432 151 151 14

1796 359 1224 168 MELITE,

1442 948 1842 297 ACTE II

976 1369 2819 348 SCENE PREMIERE.

1830 1717 1128 208 ERASTE.

1566 1969 1937 197 E l’avois bien préveu que ce cœur infidelle

1577 2138 2100 146 Ne ſe défendroit point des yeux de ma cruelle,

1263 1969 151 545 I

1572 2256 1852 174 Qui traite mille amants avec mille mépris,

1572 2385 2144 163 Et n’a point de faveurs que pour le dernier pris.

1117 2520 1914 145 Si-toſt qu’il l'aborda, je leus ſur ſon viſage

1117 2632 1611 157 De ſa déloyauté l’infaillible préſage;

1111 2744 2016 163 Vn inconnu friſſon dans mon corps épandu,

1117 2879 1785 157 Me donna les avis de ce que j’ay perdu.

1117 2997 1864 157 Depuis, cette volage évite ma rencontre,

1111 3126 2134 168 Ou ſi malgré ſes ſoins le hazard me la montre,

1117 3244 2021 174 Si je puis l’aborder, ſon discours ſe confond,

1117 3367 1847 163 Son esprit en deſordre à peine me répond,

1117 3496 1819 152 Vne reflexion vers le traiſtre qu'elle aime

1117 3608 2279 163 Presques à tous momens le ramene en luy meſme,

1117 3737 2105 158 Et tout reſveur qu'il eſt, il n’a point de ſoucis

1122 3850 2128 174 Qu'un ſoûpir ne trahiſſe au ſeul nom de Tircis.

1134 3984 2257 158 Lors par le prompt effet d’un changement étrange

1128 4102 1915 163 Son ſilence rompu ſe déborde en loüange;

1122 4226 1904 174 Elle remarque en luy tant de perfections,

1128 4360 2038 158 Que les moins éclairez verroient ſes paſſions;

1134 4473 1886 162 Sa bouche ne ſe plaiſt qu'en cette flaterie,

1117 4607 1869 169 Et tout autre propos luy rend ſa reſverie.

1122 4725 2022 163 Cependant chaque jour au discours attachez,

1122 4849 2055 162 Ils ne retiennent plus leurs ſentimens cachez,

1128 4967 2178 162 Ils ont des rendez-vous où l’amour les aſſemble,

1128 5096 2016 151 Encor hier ſur le foir je les ſurpris enſemble,

1128 5202 2055 186 Encor tout de nouveau je la voy qui l’attend.

1139 5326 2094 168 Que cét œil aſſeuré marque un esprit content!

1134 5466 2391 152 Perds tout respect, Eraste, & tout ſoin de luy plaire,

1134 5584 2285 241 Rends, ſans plus differer, ta vangeance exemplaire;
