4267 8012
1489 814 834 220 PAULIN.

300 954 3105 261 Je n'attendois pas moins de cet amour de gloire

293 1135 2725 233 Qui par tout apres vous attacha la Victoire.

293 1308 2718 227 La Judée aſſervie & ſes remparts fumans,

293 1475 2765 234 De cette noble ardeur éternels monumens,

293 1615 2999 247 Me répondoient aller que voſtre grand courage

293 1789 3206 247 Ne voudroit pas, Seigneur, détruire ſon ouvrage,

293 1976 2865 240 Et qu’un Heros vainqueur de tant de Nations

287 2129 3018 287 Sçauroit bien, toſt ou tard, vaincre ſes paſſions.

1615 2303 675 254 TITUS.

300 2356 3232 368 Ah! que ſous de beaux noms cette Gloire eſt cruelle!

300 2623 3232 267 Combien mes triſtes yeux la trouveroient plus belle,

293 2790 2665 267 S’il ne falloit encor qu’affronter le trépas!

300 2931 3199 313 Que dis-je? Cette ardeur que j'ay pour ſes appas,

307 3138 2484 247 Berenice en mon ſein l’a jadis allumée.

300 3278 2765 267 Tu ne l'ignores pas, toûjours la Renommée

313 3471 2798 247 Avec le meſme éclat n’a pas ſemé mon nom,

320 3625 2544 247 Ma jeuneſſe nourrie à la Cour de Néron

320 3785 2811 261 S’égaroit cher Paulin, par l’exemple abuſée,

320 3965 2497 241 Et ſuivoit du plaiſir la pente trop aiſée.

327 4092 3005 261 Berenice me plut. Que ne fait point un Cœur

327 4253 3318 260 Pour plaire à ce qu’il aime, & gagner ſon Vainqueur!

320 4439 3366 261 Je prodiguay mon ſang. Tout fit place à mes armes.

327 4620 3011 253 Je revins triomphant. Mais le ſang & les larmes

333 4780 2905 260 Ne me ſuffiſoient pas pour meriter ſes vœux.

320 4947 2765 267 J’entrepris le bonheur de mille malheureux.

347 5154 2991 214 On vit de toutes parts mes bontez ſe répandre;

340 5274 3359 260 Heureux! & plus heureux que tu ne peux comprendre,

347 5441 2991 247 Quand je pouvois paroiſtre à ſes yeux ſatisfaits

353 5628 3119 227 Chargé de mille cœurs conquis par mes bienfaits.

347 5781 2838 254 Je luy doy tout, Paulin. Recompenſe cruelle

353 5968 2812 227 Tout ce que je luy doy va retomber ſur elle.

367 6122 3092 220 Pour prix de tant de gloire & de tant de vertus,

367 6282 2624 287 Je luy diray, Partez & ne me voyez plus.

2837 6496 334 247 B iij

1388 567 1323 280 TRAGEDIE,

3418 627 161 207 21
