4267 8141
652 515 258 285 34

1678 508 1311 265 BERENICE.

659 807 2914 224 Titus m’accable icy du poids de ſa grandeur.

659 942 3179 258 Tout diſparoiſt dans Rome aupres de ſa ſplendeur.

665 1105 3160 292 Mais quoy que l’Orient ſoit plein de ſa mémoire,

665 1275 2643 271 Berenice y verra des traces de ma gloire.

1922 1458 856 238 ARSACE.

665 1580 3377 305 N’en doutez point, Seigneur, tout ſuccede à vos vœux.

1630 1804 1386 210 ANTIOCHUS.

665 1872 3370 332 Ah! Que nous nous plaiſons à nous tromper tous

1019 2143 373 190 deux?

1929 2191 849 353 ARSACE.

665 2428 1848 265 Et pourquoy nous tromper!

1671 2625 1332 244 ANTIOCHUS.

2249 2781 1786 265 Quoy je luy pourrois plaire?

659 2930 2969 285 Berenice à mes voeux ne ſeroit plus contraire?

659 3120 2765 238 Berenice d’un mot flatteroit mes douleurs?

652 3290 2806 271 Penſes-tu ſeulement que parmy ſes malheurs,

659 3446 3050 285 Quand l'Univers entier negligeroit ſes charmes,

659 3629 3152 271 L’Ingrate me permiſt de luy donner des larmes,

665 3792 2494 271 Ou qu’elle s’abaiſſaſt juſques à recevoir

659 3961 3050 265 Des ſoins, qu'à mon amour elle croiroit devoir?

1936 4165 856 217 ARSACE.

665 4274 3038 257 Et qui peut mieux que vous conſoler ſa diſgrace?

665 4463 3065 279 Sa fortune, Seigneur, va prendre une autre face.

686 4640 917 264 Titus la quitte.

1637 4803 1366 251 ANTIOCHUS.

1909 4966 2147 312 Helas! De ce grand changement

686 5128 2833 251 Il ne me reviendra que le nouveau tourment

672 5298 3262 271 D’apprendre par ſes pleurs à quel point elle l'aime.

665 5481 3167 258 Je la verrai gémir, je la plaindray moy-meſme.

686 5651 3166 291 Pour fruit de tant d’amour j’auray le triſte employ

665 5814 3248 346 De recüeillir des pleurs qui ne ſont pas pour moy.

1936 6017 863 224 ARSACE.

679 6126 3377 305 Quoy? Ne vous plairez-vous qu’à vous geſner ſans

1012 6356 346 177 ceſſe?

672 6472 3391 366 Jamais dans un grand cœur vit-on plus de foibleſſe?
