4267 8041
1254 603 1342 234 TRAGEDIE.

3428 643 201 301 19

254 877 2657 221 Paulin. Je me ſuis fait un plaiſir neceſſaire

254 1038 3134 241 De la voir chaque jour, de l'aimer, de luy plaire.

254 1206 2919 227 J’ay fait plus. Je n'ay rien de ſecret à tes yeux.

254 1366 3093 242 J’ay pour elle cent fois rendu graces aux Dieux,

254 1541 3026 268 D’avoir choiſi mon Pere au fond de l’Idumée,

254 1702 2818 241 D’avoir rangé ſous luy l’Orient & l'Armée,

268 1862 2643 242 Et ſoulevant encor le reſte des Humains,

261 2037 2878 234 Remis Rome ſanglante en ſes paiſibles mains.

254 2197 2838 255 J'ay meſme ſouhaitté la place de mon Pere,

261 2398 3348 195 Moy, Paulin, qui cent fois, ſi le Sort moins ſevere,

268 2532 2469 228 Euſt voulu de ſa vie étendre les liens,

268 2693 3140 241 Aurois donné mes jours pour prolonger les ſiens.

268 2861 3207 228 Tout cela (qu’un Amant ſçait mal ce qu'il deſire!)

281 3028 2724 255 Dans l'eſpoir d'élever Berenice à l'Empire,

281 3189 2852 221 De reconnoiſtre un jour ſon amour & ſa foy,

288 3357 3093 227 Et de voir à ſes pieds tout le monde avec moy.

275 3511 3327 274 Malgré tout mon amour, Paulin, & tous ſes charmes,

281 3692 2952 221 Apres mille ſermens appuyez de mes larmes,

281 3859 3140 255 Maintenant que je puis couronner tant d’attraits,

281 4033 3127 222 Maintenant que je l’aime encor plus que jamais,

281 4194 3194 241 Lors qu’un heureux hymen joignant nos deſtinées

288 4362 3066 254 Peut payer en un jour les vœux de cinq années;

281 4536 3026 241 Je vais, Paulin.... O Ciel! puis-je le déclarer?

1516 4690 838 228 PAULIN.

288 4864 1141 282 Quoy, Seigneur?

1616 4911 698 342 TITUS.

1187 5199 2127 235 Pour jamais je vais m'en ſeparer.

288 5347 3355 234 Mon cœur en ce moment ne vient pas de ſe rendre,

281 5534 2838 228 Si je t’ay fait parler, ſi j’ay voulu t’entendre,

275 5709 2770 227 Je voulois que ton zele achevaſt en ſecret

295 5863 2891 234 De confondre un amour qui ſe taiſt à regret.

288 6030 2650 215 Berenice a longtemps balancé la victoire.

288 6198 2871 254 Et ſi je panche enfin du coſté de ma Gloire,

301 6359 3355 214 Croy qu’il m’en a couſté, pour vaincre tant d’amour.

295 6533 3374 281 Des combats dont mon coeur ſaignera plus d'un jour.

2770 6754 269 221 B ij
