4267 7821
1435 723 1005 209 PHENICE,

365 873 3262 241 Comme vous je me perds d’autant plus que j’y penſe.

313 1042 2714 202 Mais ne s’offre-t-il rien à voſtre ſouvenir?

345 1199 2962 260 Qui contre vous, Madame, ait pu le prévenir?

352 1381 1161 261 Voyez, examinez.

1396 1525 1135 208 BERENICE.

1389 1688 1781 234 Helas, tu peux m’en croire;

371 1844 2688 235 Plus je veux du paſſé rappeller la memoire,

365 2020 2584 222 Du jour que je le vis, juſqu’à ce triſte jour,

365 2176 3177 235 Plus je voy qu’on me peut reprocher trop d’amour.

365 2346 2988 221 Mais tu nous entendois. Il ne faut rien me taire.

365 2509 2858 228 Parle. N’ay-je rien dit qui luy puiſſe déplaire?

365 2659 3066 234 Que ſçay-je? J’ay peut-eſtre avec trop de chaleur

365 2841 2486 209 Rabaiſſé ſes préſens, ou blâmé ſa douleur.

371 2991 3021 241 N’eſt-ce point que de Rome il redoute la haine?

371 3154 3132 222 Il craint peut-eſtre, il craint d'épouſer une Reyne.

365 3310 2969 222 Helas! s’il eſtoit vray.... Mais non, il a cent fois

371 3480 2669 221 Raſſuré mon amour contre leurs dures Lois.

371 3630 3106 247 Cent fois.. Ah! Qu’il m’explique un ſilence ſi rude.

365 3819 2460 195 Je ne reſpire pas dans cette incertitude.

365 3962 2949 209 Moy, je vivrois, Phenice, & je pourrois penſer

365 4138 3112 228 Qu'il me neglige, ou bien que j’ay pu l’offenſer?

371 4295 3139 247 Retournons ſur ſes pas. Mais quand je m'examine,

365 4457 2675 222 Je croy de ce deſordre entrevoir l’origine,

384 4614 2545 221 Phénice, il aura ſceu tout ce qui s’eſt paſſé.

391 4777 2629 195 L'amour d’Antiochus l’a peut-eſtre offenſé.

391 4933 2897 228 Il attend, m’a-t-on dit, le Roy de Comagene.

391 5096 2903 228 Ne cherchons point ailleurs le ſujet de ma peine.

371 5279 2917 215 Sans doute ce chagrin qui vient de m’allarmer,

378 5422 2675 222 N’eſt qu’un leger ſoupçon facile à deſarmer.

358 5585 2545 248 Je ne te vante point cette foible victoire,

371 5748 3178 274 Titus. Ah, pluſt au Ciel, que ſans bleſſer ta gloire,

378 5911 2818 241 Un Rival plus puiſſant vouluſt tenter ma foy,

371 6074 3047 319 Et peuſt mettre à mes piez plus d’Empires qu toy,

1376 456 1344 234 TRAGEDIE.

3464 469 183 267 27

2766 6282 274 281 C ij
