4267 7821
619 456 111 221 2

1591 436 1292 228 BERENICE.

1839 690 829 183 ARSACE.

632 795 3184 286 Vous, Seigneur, importun? Vous, cet Amy fidelle:

632 990 2617 209 Qu'un ſoin ſi genereux intereſſe pour elle?

626 1153 2760 254 Vous, cet Antiochus, ſon Amant autrefois;

626 1310 3171 228 Vous, que l’Orient conte entre ſes plus grands Rois?

626 1492 2662 202 Quoy déja de Titus l'Epouſe en eſperance,

645 1655 2976 202 Ce rang entre elle & vous met-il tant de diſtance.

1578 1811 1318 215 ANTIOCHUS.

632 1929 3165 280 Va, dis-je, & ſans vouloir te charger d’autres ſoins;

645 2131 2878 247 Voy ſi je puis bientoſt luy parler ſans témoins.

1520 3017 1481 332 SCENE. II.

1357 3428 1898 326 ANTIOCHUS, ſeul.

1037 3728 2779 267 E' bien, Antiochus, es-tu toujours le meſme?

685 3767 352 397 H

1050 3923 2858 241 Pourray-je ſans trembler luy dire, Je vous aime?

685 4079 3079 248 Mais quoy? Déjà je tremble, & mon cœur agité

704 4242 2799 242 Craint autant ce moment que je l’ay ſouhaité.

691 4412 2512 234 Berenice autrefois m’oſta toute eſperance.

698 4575 2498 234 Elle m'impoſa meſme un eternel ſilence.

691 4699 2688 293 Je me ſuis tû cinq ans. Et juſques à ce jour

698 4881 2786 254 D'un voile d'amitié j'ay couvert mon amour.

704 5018 2851 267 Dois-je croire qu’au rang, où Titus la deſtine,

711 5207 2544 254 Elle m’écoute mieux que dans la Paleſtine?

717 5357 2603 280 Il l'épouſe. Ay-je donc attendu ce moment

724 5539 2525 248 Pour me venir encor declarer ſon Amant?

711 5631 3112 352 Ah! puis qu’il faut partir, partons ſans luy déplaire.

711 5852 3007 254 Je me ſuis tû long-temps, je puis encore me taire.

717 6022 2904 247 Retirons nous, ſortons, & ſans nous découvrir,

756 6178 2649 404 Allons loin de ſes yeux l’oublier, ou mourir.
