4267 7697
2983 6215 225 224 ã ij

551 776 3209 211 où il eſtoit tombé, apres le refus qu’on luy avoit

545 936 3215 237 Fait des armes d'Achille. Ils ont admiré le Phi¬

538 1122 3222 257 loctete, dont tout le ſujet eſt Ulyſſe, qui vient

545 1314 3208 270 pour ſurprendre les fleches d'Hercule. L'Oe¬

538 1513 3202 244 dipe meſme, quoy que tout plein de recon¬

538 1706 3215 263 noiſſances, eſt moins chargé de matiere, que la

538 1892 3215 269 plus ſimple Tragédie de nos jours. Nous voyons

538 2078 3215 275 enfin que les Partiſans de Terence, qui l'éle¬

538 2277 3222 237 vent avec raiſon au deſſus de tous les Poëtes

545 2463 3202 275 Comiques, pour l'élegance de ſa diction, &

538 2661 3222 289 pour la vrayſemblance de ſes mœurs, ne laiſſent

538 2854 3222 276 pas de confeſſer que Plaute a un grand avanta¬

532 3046 3228 263 ge ſur luy, par la ſimplicité qui eſt dans la pluſ¬

526 3271 3240 231 part des ſujets de Plaute. Et c'eſt ſans doute

526 3425 3240 231 cette ſimplicité merveilleuſe qui a attiré à ce

532 3617 3234 269 dernier toutes les loüanges que les Anciens luy

526 3822 3240 212 ont données. Combien Menandre eſtoit-il en¬

519 4028 3247 211 core plus ſimple, puis que Terence eſt obligé

526 4194 3227 270 de prendre deux Comedies de ce Poëte, pour

519 4406 1726 225 en faire une des ſiennes?

686 4573 3074 263 Et il ne faut point croire que cette Regle

513 4759 3247 269 ne ſoit fondée que ſur la fantaiſie de ceux qui

519 4958 3234 288 l'ont faite. Il n'y a que le vray-ſemblable qui

513 5156 3240 257 touche dans la Tragédie. Et quelle vray-ſem¬

500 5349 3247 237 blance y a-t-il qu’il arrive en un jour une

500 5541 3247 270 multitude de choſes qui pourroient à peine

494 5747 3266 224 arriver en pluſieurs ſemaines? Il y en a qui

500 5926 3247 308 penſent que cette ſimplicité eſt une marque

1437 519 1508 244 PREFACE.
