4267 7982
645 818 2936 173 Je diſputay longtemps, je fis parler mes yeux.

652 937 3302 227 Mes pleurs & mes ſoûpirs vous ſuivoient en tous lieux.

652 1097 2509 226 Enfin voſtre rigueur emporta la balance,

645 1263 2796 240 Vous ſçeuſtes m'impoſer l'exil, ou le ſilence.

645 1423 2576 253 Il fallut le promettre, & meſme le jurer.

639 1589 2869 220 Mais, puisqu’en ce moment j'oſe me declarer,

632 1762 3069 253 Lors que vous m’arrachiez cette injuſte promeſſe,

645 1922 3062 233 Mon cœur faiſoit ſerment de vous aimer ſans ceſſe.

1710 2088 1112 246 BERENICE.

652 2301 1604 206 Ah! Que me dites-vous?

1697 2407 1338 340 ANTIOCHUS.

2210 2634 1397 239 Je me ſuis tû cinq ans,

632 2740 3015 299 Madame, & vais encor me taire plus longtemps.

772 2966 3002 246 De mon heureux Rival j'accompagnay les armes.

659 3099 2955 273 J'eſperay de verſer mon ſang apres mes larmes,

652 3292 3302 266 Ou qu'au moins juſqu'à vous porté par mille exploits,

632 3445 3115 233 Mon nom pourroit parler, au défaut de ma voix.

632 3618 2802 233 Le Ciel ſembla promettre une fin à ma peine.

645 3771 3149 246 Vous pleuraſtes ma mort, helas! trop peu certaine.

632 3931 2663 219 Inutiles périls! Quelle eſtoit mon erreur!

632 4104 2470 226 La valeur de Titus ſurpaſſoit ma fureur.

625 4263 2623 220 Il faut qu’à ſa vertu mon eſtime réponde.

639 4403 3175 306 Quoy qu'attendu, Madame, à l’Empire du Monde,

645 4602 2516 233 Chery de l'Univers, enfin aimé de vous;

632 4755 2776 260 Il ſembloit à luy ſeul appeller tous les coups,

632 4922 2749 226 Tandis que ſans eſpoir, haï, laſſé de vivre,

632 5075 2975 246 Son malheureux Rival ne ſembloit que le ſuivre.

785 5254 2836 240 Je voy que voſtre cœur m’applaudit en ſecret,

632 5387 2982 306 Je voy que l'on m’écoute avec moins de regret,

639 5580 2456 233 Et que trop attentive à ce recit funeſte,

639 5727 2775 239 En faveur de Titus vous pardonnez le reſte.

765 5906 2583 220 Enfin apres un ſiege auſſi cruel que lent,

632 6053 2782 252 Il domta les mutins, reſte pâle & ſanglant

639 6232 2909 233 Des flâmes, de la faim, des fureurs inteſtines,

652 6398 2955 386 Et laiſſa leurs remparts cachez ſous leurs ruïnes.

1637 505 1265 266 BERENICE.

665 545 147 213 10
