4267 7915
1360 567 1328 211 TRAGEDIE.

3414 567 212 250 29

865 1800 2186 396 ACTE III.

673 2255 2616 389 SCENE PREMIERE.

706 2710 2557 370 TITUS, ANTIOCHUS,

1539 2968 984 343 ARSACE.

1591 3390 687 237 TITUS.

673 3561 2992 290 Uoy, Prince, vous partiez? Quelle raiſon ſubite

713 3812 2675 218 Preſſe voſtre depart, ou plutoſt voſtre fuite?

343 3555 357 508 Q

356 3957 2920 211 Vouliez-vous me cacher juſques à vos Adieux?

356 4122 3158 237 Eſt-ce comme Ennemy que vous quittez ces Lieux?

350 4287 3144 224 Que diront avec moy, la Cour, Rome, l’Empire?

356 4458 3210 211 Mais comme voſtre Amy que ne puis-je point dire?

356 4617 3171 237 De quoy m'accuſez-vous? Vous avois je ſans choix

369 4795 2669 224 Confondu juſqu’icy dans la foule des Rois?

369 4933 3296 238 Mon cœur vous fut ouvert tant qu’a veſcu mon Pere.

369 5124 2966 231 C'eſtoit le ſeul preſent que je pouvois vous faire.

356 5263 3303 251 Et lors qu’avec mon cœur ma main peut s’épancher,

350 5461 3296 204 Vous fuyez mes bienfaits tout preſts à vous chercher?

343 5619 2609 211 Penſez-vous qu’oubliant ma fortune paſſée

350 5764 2681 218 Sur ma ſeule grandeur j’arreſte ma penſée?

350 5929 2840 271 Et que tous mes Amis s’y préſentent de loin

363 6127 3296 191 Comme autant d’Inconnus, dont je n'ay plus beſoin?

363 6272 3302 251 Vous-méme, à mes regards qui vouliez vous ſouſtraire,

366.0 6464.0 2969.0 204.0 Prince, plus que jamais vous m'eſtes neceſſaire.

2787 6609 343 263 C iij
