4267 8172
545 585 204 245 32

1642 544 1357 252 BERENICE.

572 830 3163 239 Sauvons de cet affront mon nom, & ſa memoire.

579 939 3074 293 Et puis qu'il faut ceder, cedons à noſtre gloire.

572 1103 3272 313 Ma bouche, & mes regards muets depuis huit jours,

572 1280 2611 272 L’auront pu préparer à ce triſte diſcours.

579 1443 2992 313 Et meſme en ce moment, inquiete, empreſſée,

586 1613 2883 300 Elle veut qu’à ſes yeux j’explique ma penſée.

586 1784 2767 279 D’un Amant interdit ſoulagez le tourment,

572 1947 2795 273 Epargnez à mon cœur cet éclairciſſement.

572 2124 3183 266 Allez, expliquez-luy mon trouble & mon ſilence,

579 2308 2822 259 Sur tout qu’elle me laiſſe éviter ſa preſence.

572 2465 3074 293 Soyez le ſeul témoin de ſes pleurs & des miens.

579 2635 2876 286 Portez-luy mes Adieux, & recevez les ſiens.

572 2798 2870 259 Fuyons tous deux, fuyons un ſpectacle funeſte

586 2975 2910 259 Qui de noſtre conſtance accableroit le reſte.

565 3132 3006 279 Si l'eſpoir de regner & de vivre en mon cœur

572 3316 2645 272 Peut de ſon infortune adoucir la rigueur;

572 3486 3074 266 Ah Prince! jurez-luy que toujours trop fidelle,

579 3656 3026 266 Gemiſſant dans ma Cour, & plus exilé qu'elle,

579 3827 3047 306 Portant juſqu’au tombeau le nom de ſon Amant,

572 3990 2986 293 Mon regne ne ſera qu’un long banniſſement,

572 4174 2638 279 Si le Ciel non content de me l'avoir ravie

586 4331 2685 299 Veut encor m’affliger par une longue vie.

586 4501 2842 286 Vous, que l’amitié ſeule attache ſur les pas,

586 4671 3081 266 Prince, dans ſon malheur ne l’abandonnez pas.

579 4855 2733 272 Que l’Orient vous voye arriver à ſa ſuite;

586 5018 3149 273 Que ce ſoit un triomphe, & non pas une fuite;

586 5196 2685 265 Qu'une amitié ſi belle ait d’éternels liens,

593 5373 3367 231 Que mon nom ſoit toujours dans tous vos entretiens.

586 5516 3197 299 Pour rendre vos Eſtats plus voiſins l'un de l’autre,

586 5679 2876 306 L’Euphrate bornera ſon Empire & le voſtre.

579 5863 2931 293 Je ſçay que le Senat tout plein de voſtre nom,

586 6047 2672 238 D’une commune voix confirmera ce don.

586 6183 2488 286 Je joins la Cilicie à voſtre Comagene.

586 6387 3224 252 Adieu, ne quittez point ma Princeſſe, ma Reyne,

586 6537 2842 307 Tout ce qui de mon cœur fut l'unique deſir,

579 6694 2979 395 Tout ce que j'aimeray juſqu’au dernier ſoupir.
