4267 7839
1529 529 1411 281 PREFACE.

575 790 3299 248 de peu d'invention. Ils ne ſongent pas qu’au

575 966 3280 249 contraire toute l'invention conſiſte à faire

575 1156 3280 287 quelque choſe de rien, & que tout ce grand

575 1358 3273 242 nombre d’Incidens a toujours eſté le refuge

575 1593 3273 196 des Poëtes qui ne ſentoient dans leur Genie

575 1744 3273 294 ny aſſez d’abondance, ny aſſez de force, pour

561 1940 3274 287 attacher durant cinq Actes leurs Spectateurs,

548 2136 3287 307 par une action ſimple, ſoutenuë de la vio¬

548 2332 3281 267 lence des paſſions, de la beauté des ſentimens,

568 2528 3261 248 & de l'élegance de l'expreſſion. Je ſuis bien

561 2730 3268 235 éloigné de croire que toutes ces choſes ſe

555 2926 3267 242 rencontrent dans mon Ouvrage. Mais auſſi

542 3116 3287 261 je ne puis croire que le Public me ſçache

548 3311 3274 242 mauvais gré de luy avoir donné une Tragé¬

548 3521 3281 222 die qui a eſté honorée de tant de larmes; &

548 3703 3274 255 dont la trentiéme repreſentation a eſté auſſi

542 3906 1673 242 ſuivie que la premiere.

757 4095 3065 242 Ce n'eſt pas que quelques Perſonnes ne

542 4298 3280 229 m’ayent reproché cette meſme ſimplicité que

535 4487 3281 288 j’avois recherchée avec tant de ſoin. Ils ont

542 4683 3280 249 crû qu’une Tragédie qui eſtoit ſi peu chargée

542 4873 3280 274 d'intrigues, ne pouvoit eſtre ſelon les Regles

535 5075 3281 262 du Theatre. Je m'informay s’ils ſe plaignoient

555 5265 3261 307 qu'elle les euſt ennuyez. On me dit qu’ils

548 5480 3268 242 avoüoient tous qu'elle n’ennnyoit point,

542 5657 3261 300 qu elle les touchoit meſme en pluſieurs en¬

529 5866 3280 248 droits, & qu’ils la verroient encore avec

503 6055 3300 320 plaiſir. Que veulent-ils davantage? Je les
