4267 8101
688 938 2559 189 Antoine, qui l’aima juſqu’à l’idolâtrie,

695 1046 2741 243 Oublia dans ſon ſein ſa gloire & ſa Patrie,

688 1235 2762 216 Sans oſer toutefois ſe nommer ton Eſpoux.

688 1397 2694 243 Rome l'alla chercher juſques à ſes genoux,

702 1566 2619 222 Et ne deſarma point ſa fureur vengereſſe,

702 1680 2930 270 Qu'elle n’euſt accablé l'Amant & la Maiſtreſſe.

702 1903 3024 250 Depuis ce temps, Seigneur, Caligula, Neron,

702 2072 2775 223 Monſtres, dont à regret je cite icy le nom,

702 2248 2896 202 Et qui ne conſervant que la figure d'Homme,

695 2410 3038 222 Foulerent à leurs pieds toutes les Lois de Rome,

715 2504 3342 331 Ont craint cette Loy ſeule, & n’ont point à nos yeux

708 2734 2674 229 Allumé le Flambeau d’un Hymen odieux.

702 2855 3159 277 Vous m'avez commandé ſur tout d'eſtre ſincere.

715 3071 2978 236 De l’affranchy Pallas nous avons veu le Frere.

715 3240 2600 216 Des fers de Claudius Felix encor flétry,

715 3361 2978 291 De deux Reynes, Seigneur, devenir le Mary;

722 3577 2822 210 Et s’il faut juſqu'au bout que je vous obeïſſe,

729 3699 3004 256 Ces deux Reynes eſtoient du ſang de Berenice.

729 3868 3247 270 Et vous pourriez, Seigneur, ſans bleſſer nos regards,

735 4064 2883 243 Faire entrer une Reyne au Lit de nos Ceſars,

722 4232 2903 230 Tandis que l’Orient dans le Lit de ſes Reynes

729 4361 3031 283 Voir paſſer un Eſclave au ſortir de nos chaiſnes?

735 4529 3221 270 C'eſt ce que les Romains penſent de voſtre amour.

735 4739 2526 236 Et je ne répons pas avant la fin du jour

735 4880 3059 270 Que le Senat chargé des vœux de tout l’Empire,

742 5076 2687 230 Ne vous rediſe icy ce que je viens de dire:

735 5204 3032 304 Et que Rome avec luy tombant à vos genoux,

742 5360 3234 283 Ne vous demande un choix digne d’elle & de vous.

742 5549 3214 337 Vous pouvez preparer, Seigneur, voſtre réponſe.

2072 5765 696 216 TITUS.

756 5859 2950 365 Hélas! A quel amour on veut que je renonce!

1998 6102 844 216 PAULIN.

776 6217 2667 338 Cet amour eſt ardent, il le faut confeſſer.

2113 6447 688 202 TITUS.

762 6541 2775 432 Plus ardent mille fois que tu ne peux penſer,

681 641 187 229 18

1728 600 1310 250 BERENICE.
