4267 7839
1431 313 1254 320 TRAGEDIE.

3554 385 59 248 3

365 627 3261 235 Hé quoy? ſouffrir toûjours un tourment qu'elle

679 777 497 183 ignore?

359 881 3136 268 Toûjours verſer des pleurs qu'il faut que je devore?

365 1084 3098 215 Quoy meſme en la perdant redouter ſon courroux?

365 1247 3000 242 Belle Reyne; & pourquoy vous offenſeriez-vous?

365 1397 3274 249 Viens-je vous demander que vous quittiez l’Empire,

365 1574 3281 248 Que vous m’aimiez? Helas! je ne viens que vous dire,

378 1737 3032 196 Qu’apres m’eſtre longtemps flatté que mon Rival

365 1887 2797 222 Trouveroit à ſes vœux quelque obſtacle fatal;

365 2044 3261 275 Aujourd’huy qu’il peut tout, que voſtre hymen s'a¬

692 2234 431 189 vance,

365 2332 2745 267 Exemple infortuné d'une longue conſtance,

372 2534 2856 261 Apres cinq ans d’amour, & d'eſpoir ſuperflus,

365 2710 2699 216 Je pars, fidelle encor quand je n’eſpere plus.

372 2854 2784 281 Au lieu de s'offenſer, elle pourra me plaindre,

378 3004 3235 314 Quoy qu’il en ſoit, parlõs, c’eſt aſſez nous contrain¬

692 3207 275 202 dre,

378 3259 3072 346 Et que peut craindre, helas! un Amant fans eſpoir

378 3501 2810 300 Qui peut bien ſe reſoudre à ne la jamais voir?

1189 4357 1581 248 SCENE III.

633 4585 2614 379 ANTIOCHUS, ARSACE.

1346 4899 1274 366 ANTIOCHUS.

359 5226 1784 307 ARſace, entrerons-nous?

1574 5506 824 242 ARSACE.

1607 5591 1686 294 Seigneur, j’ay vû la Reyne.

378 5781 3013 274 Mais pour me faire voir, je n’ay percé qu'à peine

372 5957 3019 268 Les flots toûjours nouveaux d’un Peuple adorateur

385 6127 2640 307 Qu’attire ſur ſes pas ſa prochaine grandeur.

2731 6382 281 183 A ij
