4267 7963
637 457 212 266 14

1552 471 1281 232 BERENICE.

643 716 3179 266 Qu’en quelque obſcurité que le ſort l'euſt fait naiſtre,

623 889 3113 225 Le Monde, en le voyant euſt reconnu ſon Maiſtre?

617 1041 3278 266 Mais, Phénice, où m’emporte un ſouvenir charmant?

796 1220 3092 273 Cependant Rome entiere, en ce meſme moment,

603 1366 2827 226 Fait des vœux pour Titus, & par des ſacrifices

597 1546 2820 219 De ſon regne naiſſant conſacre les prémices.

597 1698 2867 239 Je prétens quelque part à des ſouhaits ſi doux.

597 1858 3285 345 Phénice, allons nous joindre aux vœux qu’on fait

909 2023 690 233 pour nous.

583 2136 2967 286 Auſſitoſt ſans l’attendre, & ſans eſtre attenduë,

577 2355 2973 226 Je reviens le chercher, & dans cette entreveuë

590 2528 2933 219 Dire tout ce qu’au cœur l'un de l’autre contens

590 2680 2820 319 Inſpirent des tranſports retenus ſi long-temps.

1373 2979 1679 385 Fin du Premier Acte.
