4267 7765
2615 6270 253 233 ã iij

427 854 3231 194 conjure d'avoir aſſez bonne opinion d’eux-

433 1002 3205 266 meſmes pour ne pas croire qu'une Piece qui

420 1171 3218 291 les touche, & qui leur donne du plaiſir, puiſſe

420 1371 3218 292 eſtre abſolument contre les Regles, La prin¬

420 1559 3205 278 cipale Regle eſt de plaire & de toucher.

427 1760 3198 271 Toutes les autres ne ſont faites que pour

401 1973 3218 252 parvenir à cette premiere. Mais toutes ces

407 2161 3218 239 Regles ſont d'un long détail, dont je ne leur

401 2348 3218 246 conſeille pas de s'embarraſſer. Ils ont des oc¬

394 2562 3231 259 cupations plus importantes. Qu'ils ſe repoſent

388 2730 3231 246 ſur nous de la fatigue d'éclaircir les difficultez

388 2924 3237 272 de la Poëtique d'Ariſtote. Qu'ils ſe reſervent

382 3118 3237 253 le plaiſir de pleurer & d'eſtre attendris; Et

388 3332 3231 246 qu'ils me permettent de leur dire ce qu'un

388 3533 3231 233 Muſicien diſoit à Philippe Roy de Mace¬

382 3688 3224 285 doine, qui prétendoit qu'une Chanſon n'é¬

375 3888 3238 285 toit pas ſelon les Regles.  A Dieu ne plaiſe,

362 4096 3244 265 „ Seigneur, que vous ſoyez jamais ſi malheu¬

369 4270 3237 266 „ reux que de ſçavoir ces choſes-là mieux que

356 4484 505 220 „ moy.

550 4646 3056 317 Voilà tout ce que j'ay à dire à ces Perſonnes,

356 4853 3244 271 à qui je feray toujours gloire de plaire. Car

356 5060 3237 259 pour le Libelle que l'on a fait contre moy, je

349 5247 3238 253 croy que les Lecteurs me diſpenſeront volon¬

349 5461 3231 246 tiers d'y répondre. Et que répondrois-je à un

343 5629 3237 272 Homme qui ne penſe rien, & qui ne ſçait pas

336 5830 3244 246 meſme conſtruire ce qu'il penſe. Il parle de

336 6030 3218 330 Protaſe, comme s’il entendoit ce mot, &

1249 588 1502 272 PREFACE.
