4267 8061
658 550 228 209 16

1753 503 1250 235 BERENICE.

651 745 2708 202 L’Orient preſque entier va fléchir ſous ſa loy.

658 893 1142 269 Vous la plaignez?

2009 1027 651 229 TITUS

1686 1195 2298 276 Paulin, qu'on vous laiſſe avec moy.

1532 1719 1572 242 SCENE II.

1270 1981 1995 269 TITUS, PAULIN.

1948 2257 686 208 TITUS.

1028 2391 2936 269 E' bien, de mes deſſeins Rome encore incer¬

645 2371 369 443 H

1330 2606 296 208 taine

651 2720 2863 255 Attend que deviendra le deſtin de la Reyne,

651 2915 2816 201 Paulin, & les ſecrets de ſon cœur & du mien

645 3076 2674 215 Sont de tout l’Univers devenus l’entretien.

651 3244 3179 235 Voicy le temps enfin qu'il faut que je m’explique.

645 3412 3003 235 De la Reyne & de moy que dit la voix publique?

638 3573 1760 262 Parlez. Qu’entendez-vous?

1948 3701 807 262 PAULIN.

2224 3849 1424 309 J’entens de tous coſtez

638 4057 2869 248 Publier vos vertus, Seigneur, & ſes beautez.

2015 4245 672 215 TITUS.

638 4393 2970 235 Que dit-on des ſoupirs que je pouſſe pour elle?

638 4581 2768 215 Quel ſuccés attend-on d’un amour ſi fidelle?

1935 4735 793 222 PAULIN.

638 4876 3313 276 Vous pouvez tout. Aimez, ceſſez d’eſtre amoureux;

638 5071 2856 289 La Cour ſera toûjours du party de vos vœux.

1888 5239 665 208 TITUS.

638 5333 2768 282 Et je l’ay veuë auſſi cette Cour peu ſincere,

638 5541 3071 249 A ſes Maiſtres toujours trop ſoigneuſe de plaire,

638 5736 2889 222 Des crimes de Neron approuver les horreurs,

631 5918 2749 208 Je l'ay veuë à genoux conſacrer ſes fureurs.

638 6052 2977 262 Je ne prens point pour Juge une Cour idolâtre;

645 6240 2929 356 Paulin, Je me propoſe un plus ample Theatre;

3648 6341 155 416 Et
