4267 7973
1389 578 1389 225 TRAGEDIE.

3496 578 166 239 32

332 830 2864 226 Et meſme elle m'a dit, que preſt à l'épouſer,

319 983 2891 239 Vous ne la verrez plus que pour l’y diſpoſer.

1621 1156 685 265 TITUS.

325 1269 3197 372 Ah! Qu'un aveu ſi doux auroit lieu de me plaire!

325 1541 2725 252 Que je ſerois heureux, ſi j’avois à le faire!

332 1700 3164 240 Mes tranſports aujourd’huy s’attendoient d’éclatter.

345 1886 3164 279 Cependant aujourd’huy, Prince, il faut la quitter.

1389 2106 1336 219 ANTIOCHUS.

338 2185 1822 353 La quitter. Vous, Seigneur?

1654 2431 652 246 TITUS.

1980 2551 1389 259 Telle eſt ma deſtinée.

345 2724 3024 252 Pour elle, & pour Titus, il n’eſt plus d’hymenée.

345 2923 3031 213 D’un eſpoir ſi charmant je me flattois en vain,

358 3082 2878 253 Prince, il faut avec vous qu'elle parte demain,

1402 3248 1329 226 ANTIOCHUS.

352 3435 1508 232 Qu’entens-je! O Ciel!

1708 3601 704 245 TITUS.

1548 3767 2160 259 Plaignez ma grandeur importune.

372 3920 2645 245 Maiſtre de l'Univers je regle ſa Fortune.

372 4126 2579 225 Je puis faire les Roys, je puis les dépoſer.

385 4278 2891 233 Cependant de mon cœur je ne puis diſpoſer.

378 4458 3018 252 Rome contre les Roys de tout temps ſoulevée,

385 4630 2811 220 Dédaigne une Beauté dans la pourpre élevée,

385 4797 2885 206 L’éclat du Diadéme, & cent Roys pour Ayeux

392 4949 3117 226 Deſ-honorent ma flâme, & bleſſent tous les yeux.

398 5102 3343 233 Mon cœur libre d’ailleurs, ſans craindre les mur¬

704 5302 459 199 mures,

392 5414 3117 253 Peut brûler à ſon choix dans des flâmes obſcures,

405 5614 2771 206 Et Rome avec plaiſir recevroit de ma main

398 5780 3031 219 La moins digne Beauté, qu’elle cache en ſon ſein.

398 5946 3018 246 Jules ceda luy-meſme au torrent qui m’entraîne,

392 6119 2791 239 Si le Peuple demain ne voit partir la Reyne.

412 6272 2499 206 Demain elle entendra ce Peuple furieux

418 6438 2626 418 Me venir demander ſon depart à ſes yeux.

2798 6644 378 385 C iiij
