<?xml version="1.0" encoding="UTF-8"?>
<alto xmlns:xsi="http://www.w3.org/2001/XMLSchema-instance"
      xmlns="http://www.loc.gov/standards/alto/ns-v4#"
      xsi:schemaLocation="http://www.loc.gov/standards/alto/ns-v4# http://www.loc.gov/standards/alto/v4/alto-4-2.xsd">
  <Description>
    <MeasurementUnit>pixel</MeasurementUnit>
    <sourceImageInformation>
      <fileName>Racine1676_Oeuvres_bpt6k990581p_corrected_0055.png</fileName>
    </sourceImageInformation>
  </Description>
  <Tags>
    <OtherTag ID="BT7" LABEL="CustomZone" DESCRIPTION="block type CustomZone"/><OtherTag ID="BT8" LABEL="DamageZone" DESCRIPTION="block type DamageZone"/><OtherTag ID="BT9" LABEL="DigitizationArtefactZone" DESCRIPTION="block type DigitizationArtefactZone"/><OtherTag ID="BT10" LABEL="DropCapitalZone" DESCRIPTION="block type DropCapitalZone"/><OtherTag ID="BT11" LABEL="GraphicZone" DESCRIPTION="block type GraphicZone"/><OtherTag ID="BT12" LABEL="MainZone" DESCRIPTION="block type MainZone"/><OtherTag ID="BT13" LABEL="MarginTextZone" DESCRIPTION="block type MarginTextZone"/><OtherTag ID="BT14" LABEL="MusicZone" DESCRIPTION="block type MusicZone"/><OtherTag ID="BT15" LABEL="NumberingZone" DESCRIPTION="block type NumberingZone"/><OtherTag ID="BT17" LABEL="QuireMarksZone" DESCRIPTION="block type QuireMarksZone"/><OtherTag ID="BT18" LABEL="RunningTitleZone" DESCRIPTION="block type RunningTitleZone"/><OtherTag ID="BT19" LABEL="SealZone" DESCRIPTION="block type SealZone"/><OtherTag ID="BT20" LABEL="StampZone" DESCRIPTION="block type StampZone"/><OtherTag ID="BT21" LABEL="TableZone" DESCRIPTION="block type TableZone"/><OtherTag ID="BT22" LABEL="TitlePageZone" DESCRIPTION="block type TitlePageZone"/><OtherTag ID="BT304" LABEL="Title" DESCRIPTION="block type Title"/><OtherTag ID="BT305" LABEL="Stamp" DESCRIPTION="block type Stamp"/><OtherTag ID="BT306" LABEL="Decoration" DESCRIPTION="block type Decoration"/><OtherTag ID="BT307" LABEL="Main" DESCRIPTION="block type Main"/><OtherTag ID="BT308" LABEL="RunningTitle" DESCRIPTION="block type RunningTitle"/><OtherTag ID="BT309" LABEL="Signatures" DESCRIPTION="block type Signatures"/><OtherTag ID="BT310" LABEL="Damage" DESCRIPTION="block type Damage"/><OtherTag ID="BT311" LABEL="Numbering" DESCRIPTION="block type Numbering"/><OtherTag ID="BT312" LABEL="DropCapital" DESCRIPTION="block type DropCapital"/>
    <OtherTag ID="LT7" LABEL="CustomLine" DESCRIPTION="line type CustomLine"/><OtherTag ID="LT8" LABEL="DefaultLine" DESCRIPTION="line type DefaultLine"/><OtherTag ID="LT9" LABEL="DropCapitalLine" DESCRIPTION="line type DropCapitalLine"/><OtherTag ID="LT10" LABEL="HeadingLine" DESCRIPTION="line type HeadingLine"/><OtherTag ID="LT11" LABEL="InterlinearLine" DESCRIPTION="line type InterlinearLine"/><OtherTag ID="LT12" LABEL="MusicLine" DESCRIPTION="line type MusicLine"/><OtherTag ID="LT204" LABEL="Default" DESCRIPTION="line type Default"/><OtherTag ID="LT205" LABEL="Rubric" DESCRIPTION="line type Rubric"/>
  </Tags>
  <Layout>
    <Page WIDTH="4267"
          HEIGHT="7925"
          PHYSICAL_IMG_NR="43"
          ID="eSc_dummypage_">
      <PrintSpace HPOS="0"
                  VPOS="0"
                  WIDTH="4267"
                  HEIGHT="7925">
        <TextBlock HPOS="1271.0"
                   VPOS="491.0"
                   WIDTH="1450.0"
                   HEIGHT="216.0"
                   ID="eSc_textblock_d057d2d8"
                   TAGREFS="BT308">
          <Shape><Polygon POINTS="1282 491 1271 707 2721 707 2685 491"/></Shape>
          <TextLine ID="tl_1"
                    TAGREFS="LT204"
                    BASELINE="1331 671 2623 663" 
                    HPOS="1321"
                    VPOS="495"
                    WIDTH="1301"
                    HEIGHT="244">
            <Shape><Polygon POINTS="2576 495 2510 495 2443 495 2377 495 2311 495 2245 495 2179 495 2113 495 2047 495 1981 495 1915 495 1849 495 1783 495 1717 495 1651 495 1585 495 1519 495 1453 495 1387 495 1321 495 1327 667 1327 739 2622 700 2622 660 2609 495 2576 495"/></Shape>
	    <String CONTENT="TRAGEDIE."
                    HPOS="1321"
                    VPOS="495"
                    WIDTH="1301"
                    HEIGHT="244"></String>
          </TextLine>
        </TextBlock>
        <TextBlock HPOS="3380.0"
                   VPOS="527.0"
                   WIDTH="300.0"
                   HEIGHT="264.0"
                   ID="eSc_textblock_e0cc570b"
                   TAGREFS="BT311">
          <Shape><Polygon POINTS="3380 527 3380 791 3680 791 3680 527"/></Shape>
          <TextLine ID="tl_2"
                    TAGREFS="LT204"
                    BASELINE="3435 715 3632 715" 
                    HPOS="3434"
                    VPOS="528"
                    WIDTH="192"
                    HEIGHT="238">
            <Shape><Polygon POINTS="3566 528 3500 528 3434 528 3434 713 3434 759 3619 766 3626 713 3619 528 3566 528"/></Shape>
	    <String CONTENT="33"
                    HPOS="3434"
                    VPOS="528"
                    WIDTH="192"
                    HEIGHT="238"></String>
          </TextLine>
        </TextBlock>
        <TextBlock HPOS="252.0"
                   VPOS="1426.0"
                   WIDTH="3464.0"
                   HEIGHT="5178.0"
                   ID="eSc_textblock_09618e6a"
                   TAGREFS="BT307">
          <Shape><Polygon POINTS="252 1426 264 6604 3704 6604 3716 1438"/></Shape>
          <TextLine ID="tl_5"
                    TAGREFS="LT204"
                    BASELINE="1153 1671 2292 1671 2768 1665" 
                    HPOS="1142"
                    VPOS="1426"
                    WIDTH="1625"
                    HEIGHT="370">
            <Shape><Polygon POINTS="2727 1433 2661 1433 2595 1433 2529 1433 2463 1433 2397 1433 2331 1433 2265 1433 2199 1433 2133 1433 2067 1433 2001 1433 1935 1426 1142 1426 1149 1670 1149 1703 1750 1703 1796 1743 1849 1789 1856 1789 1862 1789 1869 1796 2761 1796 2767 1664 2747 1433 2727 1433"/></Shape>
	    <String CONTENT="SCENE II."
                    HPOS="1142"
                    VPOS="1426"
                    WIDTH="1625"
                    HEIGHT="370"></String>
          </TextLine>
          <TextLine ID="tl_6"
                    TAGREFS="LT204"
                    BASELINE="580 2022 705 2022 913 2033 1201 2027 1397 2027 1933 2025 2169 2051 2933 2016 3299 2012" 
                    HPOS="568"
                    VPOS="1743"
                    WIDTH="2728"
                    HEIGHT="416">
            <Shape><Polygon POINTS="574 2020 574 2159 2074 2159 2074 2152 2080 2152 2159 2113 2173 2106 2212 2113 2424 2146 2430 2146 2437 2146 2516 2106 2523 2100 2529 2100 2595 2133 2602 2133 2609 2133 2787 2100 3078 2133 3084 2133 3289 2080 3296 2007 3276 1783 2727 1789 2708 1789 2443 1743 2437 1743 568 1822 574 2020"/></Shape>
	    <String CONTENT="ANTIOCHUS, ARSACE."
                    HPOS="568"
                    VPOS="1743"
                    WIDTH="2728"
                    HEIGHT="416"></String>
          </TextLine>
          <TextLine ID="tl_7"
                    TAGREFS="LT204"
                    BASELINE="1561 2330 2050 2331 2386 2341" 
                    HPOS="1552"
                    VPOS="2152"
                    WIDTH="832"
                    HEIGHT="232">
            <Shape><Polygon POINTS="1558 2324 1552 2370 2371 2384 2384 2337 2371 2152 1558 2159 1558 2324"/></Shape>
	    <String CONTENT="ARSACE."
                    HPOS="1552"
                    VPOS="2152"
                    WIDTH="832"
                    HEIGHT="232"></String>
          </TextLine>
          <TextLine ID="eSc_line_75277c60"
                    TAGREFS="LT9"
                    BASELINE="638 2554 868 2545 1004 2545 1302 2539 1936 2539 2044 2534 2344 2534 2802 2535 3284 2551" 
                    HPOS="627"
                    VPOS="2337"
                    WIDTH="2655"
                    HEIGHT="271">
            <Shape><Polygon POINTS="634 2549 627 2575 1836 2575 1908 2608 3276 2582 3282 2549 3269 2390 3170 2390 3124 2351 3124 2344 2846 2351 2800 2390 2761 2377 2609 2344 2595 2344 2503 2397 2034 2397 1988 2370 1922 2337 1902 2337 1823 2364 1763 2390 1585 2390 1492 2337 1215 2337 1089 2384 990 2351 931 2337 911 2337 786 2384 634 2351 634 2549"/></Shape>
	    <String CONTENT="Inſi le Ciel s’appreſte à vous rendre juſtice."
                    HPOS="627"
                    VPOS="2337"
                    WIDTH="2655"
                    HEIGHT="271"></String>
          </TextLine>
          <TextLine ID="tl_8"
                    TAGREFS="LT9"
                    BASELINE="322 2710 448 2710 603 2706" 
                    HPOS="303"
                    VPOS="2384"
                    WIDTH="298"
                    HEIGHT="356">
            <Shape><Polygon POINTS="317 2707 317 2740 601 2740 601 2701 581 2384 303 2403 317 2707"/></Shape>
	    <String CONTENT="A"
                    HPOS="303"
                    VPOS="2384"
                    WIDTH="298"
                    HEIGHT="356"></String>
          </TextLine>
          <TextLine ID="tl_9"
                    TAGREFS="LT204"
                    BASELINE="645 2704 940 2699 1462 2701 1535 2742 2164 2706 2240 2721 2586 2699 2906 2701 3524 2712" 
                    HPOS="634"
                    VPOS="2542"
                    WIDTH="2886"
                    HEIGHT="251">
            <Shape><Polygon POINTS="3256 2549 3190 2549 3124 2549 3104 2542 1624 2542 1618 2542 1512 2555 1314 2582 1162 2555 1109 2549 1103 2549 1096 2549 1063 2555 957 2588 634 2562 640 2701 640 2753 1010 2793 1017 2793 1023 2793 1030 2793 1070 2753 1076 2753 1307 2753 1314 2753 1340 2780 1340 2786 1347 2786 1354 2786 1360 2786 2212 2753 2741 2734 3514 2747 3520 2707 3514 2549 3256 2542 3256 2549"/></Shape>
	    <String CONTENT="Vous partirez, Seigneur, mais avec Berenice."
                    HPOS="634"
                    VPOS="2542"
                    WIDTH="2886"
                    HEIGHT="251"></String>
          </TextLine>
          <TextLine ID="tl_10"
                    TAGREFS="LT204"
                    BASELINE="320 2872 612 2864 802 2871 1112 2872 1272 2871 1628 2871 1850 2871 2040 2864 2380 2864 2530 2870 2943 2886" 
                    HPOS="310"
                    VPOS="2701"
                    WIDTH="2629"
                    HEIGHT="251">
            <Shape><Polygon POINTS="1638 2734 1572 2740 1539 2734 792 2734 726 2701 719 2701 713 2701 647 2701 581 2707 515 2707 449 2707 383 2714 317 2714 317 2866 310 2892 667 2899 706 2938 706 2945 713 2945 719 2945 726 2952 1248 2952 1248 2945 1255 2945 1261 2945 1261 2938 1301 2905 1314 2892 1644 2892 1743 2912 1803 2925 1809 2932 2932 2932 2939 2879 2926 2734 1704 2734 1638 2734"/></Shape>
	    <String CONTENT="Loin de vous la ravir on va vous la livrer."
                    HPOS="310"
                    VPOS="2701"
                    WIDTH="2629"
                    HEIGHT="251"></String>
          </TextLine>
          <TextLine ID="tl_11"
                    TAGREFS="LT204"
                    BASELINE="1243 3037 2578 3045" 
                    HPOS="1235"
                    VPOS="2872"
                    WIDTH="1341"
                    HEIGHT="225">
            <Shape><Polygon POINTS="1241 3031 1235 3097 2569 3084 2576 3044 2569 2886 1241 2872 1241 3031"/></Shape>
	    <String CONTENT="ANTIOCHUS."
                    HPOS="1235"
                    VPOS="2872"
                    WIDTH="1341"
                    HEIGHT="225"></String>
          </TextLine>
          <TextLine ID="tl_12"
                    TAGREFS="LT204"
                    BASELINE="335 3198 724 3200 811 3227 1503 3243 1648 3202 2080 3196 2282 3197 2818 3200" 
                    HPOS="323"
                    VPOS="3004"
                    WIDTH="2490"
                    HEIGHT="278">
            <Shape><Polygon POINTS="330 3196 323 3236 673 3236 759 3275 766 3275 772 3275 779 3275 786 3275 838 3242 1010 3275 1017 3275 1895 3249 1961 3282 1968 3282 1974 3282 2807 3242 2813 3196 2800 3051 1202 3064 1195 3057 1149 3018 1149 3011 1142 3011 1136 3011 891 3011 885 3011 878 3011 779 3057 766 3064 739 3057 488 3004 482 3004 475 3004 330 3057 330 3196"/></Shape>
	    <String CONTENT="Arſace, laiſſe-moy le temps de reſpirer."
                    HPOS="323"
                    VPOS="3004"
                    WIDTH="2490"
                    HEIGHT="278"></String>
          </TextLine>
          <TextLine ID="tl_13"
                    TAGREFS="LT204"
                    BASELINE="346 3362 510 3361 1320 3361 1524 3367 1926 3367 2013 3396 2250 3361 2736 3361 2944 3355 3294 3349 3540 3356" 
                    HPOS="336"
                    VPOS="3183"
                    WIDTH="3197"
                    HEIGHT="257">
            <Shape><Polygon POINTS="2708 3203 2628 3203 2562 3229 2424 3203 2311 3203 2305 3196 2245 3236 1955 3236 1889 3196 1836 3196 1644 3236 1572 3216 1525 3236 1459 3242 1327 3242 1261 3236 1063 3236 997 3229 865 3229 799 3222 792 3216 336 3209 343 3407 1677 3440 1677 3434 1684 3434 1710 3401 1710 3407 1783 3434 1796 3434 3527 3394 3533 3354 3520 3183 3091 3216 2866 3189 2846 3189 2813 3222 2734 3203 2708 3203"/></Shape>
	    <String CONTENT="Ce changement eſt grand, ma ſurpriſe eſt extréme."
                    HPOS="336"
                    VPOS="3183"
                    WIDTH="3197"
                    HEIGHT="257"></String>
          </TextLine>
          <TextLine ID="tl_14"
                    TAGREFS="LT204"
                    BASELINE="335 3528 642 3527 994 3527 1288 3525 1698 3530 2090 3526 2380 3526 2556 3530 2870 3526 3212 3513 3284 3515" 
                    HPOS="323"
                    VPOS="3361"
                    WIDTH="2959"
                    HEIGHT="244">
            <Shape><Polygon POINTS="2041 3394 1974 3387 1968 3381 1235 3401 323 3374 330 3526 330 3566 1195 3566 1202 3566 1248 3605 1255 3605 1261 3605 1268 3605 2001 3566 2199 3599 2206 3599 3276 3546 3282 3513 3269 3361 2087 3381 2041 3394"/></Shape>
	    <String CONTENT="Titus entre mes mains remet tout ce qu’il aime?"
                    HPOS="323"
                    VPOS="3361"
                    WIDTH="2959"
                    HEIGHT="244"></String>
          </TextLine>
          <TextLine ID="tl_15"
                    TAGREFS="LT204"
                    BASELINE="350 3692 806 3691 1220 3692 1307 3717 1767 3701 2101 3696 2241 3695 2417 3695 2674 3692 2818 3691 3158 3676 3620 3697" 
                    HPOS="336"
                    VPOS="3513"
                    WIDTH="3283"
                    HEIGHT="251">
            <Shape><Polygon POINTS="3177 3513 3018 3513 2985 3546 2932 3520 2840 3526 2681 3566 2001 3566 1961 3526 1902 3526 1730 3559 1697 3533 1697 3526 1664 3526 1611 3566 1169 3566 1050 3526 997 3526 924 3533 786 3559 753 3533 336 3533 343 3731 2727 3764 2727 3757 2734 3757 2754 3731 3335 3757 3335 3751 3368 3724 3613 3724 3619 3691 3613 3513 3177 3513"/></Shape>
	    <String CONTENT="Dois-je croire, grands Dieux! ce que je viens d’oüir,"
                    HPOS="336"
                    VPOS="3513"
                    WIDTH="3283"
                    HEIGHT="251"></String>
          </TextLine>
          <TextLine ID="tl_16"
                    TAGREFS="LT204"
                    BASELINE="356 3851 488 3851 922 3861 1066 3856 1214 3860 1690 3908 1765 3891 2252 3851 2614 3856 3078 3845 3160 3848" 
                    HPOS="343"
                    VPOS="3691"
                    WIDTH="2814"
                    HEIGHT="231">
            <Shape><Polygon POINTS="2721 3691 2655 3698 2589 3698 2523 3698 2457 3698 2391 3698 2325 3698 2259 3698 2192 3698 2126 3698 2060 3698 1994 3698 1928 3698 1862 3698 1796 3698 1730 3704 1664 3704 1598 3704 1532 3704 1466 3711 1400 3711 1334 3711 1268 3711 1202 3691 1136 3691 1070 3691 1004 3691 937 3691 871 3691 805 3691 739 3691 673 3691 607 3691 541 3691 482 3691 416 3691 350 3691 350 3850 343 3916 3144 3922 3157 3843 3150 3691 2787 3691 2721 3691"/></Shape>
	    <String CONTENT="Et quand je le croiray, dois-je m’en réjoüir?"
                    HPOS="343"
                    VPOS="3691"
                    WIDTH="2814"
                    HEIGHT="231"></String>
          </TextLine>
          <TextLine ID="tl_17"
                    TAGREFS="LT204"
                    BASELINE="1537 4032 1894 4031 2184 4022 2364 4036" 
                    HPOS="1525"
                    VPOS="3883"
                    WIDTH="833"
                    HEIGHT="211">
            <Shape><Polygon POINTS="1796 3889 1730 3896 1664 3903 1598 3896 1532 3889 1532 4028 1525 4094 2351 4087 2358 4035 2351 3883 1862 3883 1796 3889"/></Shape>
	    <String CONTENT="ARSACE."
                    HPOS="1525"
                    VPOS="3883"
                    WIDTH="833"
                    HEIGHT="211"></String>
          </TextLine>
          <TextLine ID="tl_18"
                    TAGREFS="LT204"
                    BASELINE="362 4181 657 4182 1519 4206 2163 4218 2411 4187 2673 4180 2820 4180 3054 4176 3194 4172 3625 4159" 
                    HPOS="350"
                    VPOS="4008"
                    WIDTH="3269"
                    HEIGHT="251">
            <Shape><Polygon POINTS="1611 4035 1572 4035 1545 4061 1334 4061 1261 4015 1255 4015 1248 4015 1241 4015 1235 4015 1228 4015 1162 4054 356 4008 356 4180 350 4220 2377 4253 2384 4253 2807 4220 2813 4220 2853 4253 2853 4259 2860 4259 2866 4259 2873 4259 2879 4259 2952 4226 2985 4259 2992 4259 2998 4259 3005 4259 3012 4259 3124 4220 3613 4220 3619 4154 3599 4021 1664 4054 1631 4035 1611 4035"/></Shape>
	    <String CONTENT="Mais moy-meſme, Seigneur, que faut il que je croye?"
                    HPOS="350"
                    VPOS="4008"
                    WIDTH="3269"
                    HEIGHT="251"></String>
          </TextLine>
          <TextLine ID="tl_19"
                    TAGREFS="LT204"
                    BASELINE="360 4377 672 4350 1198 4352 1736 4356 2278 4351 2386 4351 2798 4345 3094 4335 3166 4342" 
                    HPOS="350"
                    VPOS="4193"
                    WIDTH="2813"
                    HEIGHT="245">
            <Shape><Polygon POINTS="2265 4200 2199 4213 2133 4213 2067 4213 2001 4213 1935 4213 1869 4213 1803 4206 1737 4206 1671 4206 1605 4206 1539 4206 1472 4200 1406 4200 1340 4200 1274 4200 1248 4193 350 4193 356 4371 356 4411 1644 4438 1651 4438 2463 4391 2483 4391 2496 4391 2846 4424 2853 4424 3157 4378 3163 4338 3150 4193 2311 4193 2265 4200"/></Shape>
	    <String CONTENT="Quel obſtacle nouveau s’oppoſe à voſtre joye?"
                    HPOS="350"
                    VPOS="4193"
                    WIDTH="2813"
                    HEIGHT="245"></String>
          </TextLine>
          <TextLine ID="tl_20"
                    TAGREFS="LT204"
                    BASELINE="355 4511 554 4510 1514 4516 2004 4521 2194 4520 2570 4514 2762 4511 2964 4506 3416 4521" 
                    HPOS="343"
                    VPOS="4352"
                    WIDTH="3071"
                    HEIGHT="231">
            <Shape><Polygon POINTS="548 4358 482 4365 416 4371 350 4371 350 4510 343 4550 3401 4583 3414 4517 3401 4358 1321 4385 581 4352 548 4358"/></Shape>
	    <String CONTENT="Me trompiez-vous tantoſt au ſortir de ces Lieux,"
                    HPOS="343"
                    VPOS="4352"
                    WIDTH="3071"
                    HEIGHT="231"></String>
          </TextLine>
          <TextLine ID="tl_21"
                    TAGREFS="LT204"
                    BASELINE="350 4672 621 4676 1193 4682 1477 4687 1787 4687 1969 4687 2215 4682 2751 4675 3309 4693" 
                    HPOS="336"
                    VPOS="4510"
                    WIDTH="2966"
                    HEIGHT="225">
            <Shape><Polygon POINTS="2562 4517 2556 4517 2523 4530 2443 4556 2351 4523 2325 4517 2325 4517 2278 4517 2265 4523 2239 4556 2074 4556 1935 4517 1928 4517 1862 4517 1856 4517 1816 4556 1605 4556 1552 4517 1532 4517 1492 4510 1459 4550 693 4550 647 4510 607 4510 587 4510 455 4537 383 4510 343 4510 343 4669 336 4715 3289 4735 3302 4688 3296 4543 2840 4517 2833 4517 2827 4517 2794 4530 2747 4556 2635 4530 2569 4517 2562 4517"/></Shape>
	    <String CONTENT="Lors qu&#x27;encor tout ému de vos derniers Adieux,"
                    HPOS="336"
                    VPOS="4510"
                    WIDTH="2966"
                    HEIGHT="225"></String>
          </TextLine>
          <TextLine ID="tl_22"
                    TAGREFS="LT204"
                    BASELINE="346 4838 1014 4846 1482 4847 1698 4852 2396 4847 2850 4840 3082 4835 3164 4862" 
                    HPOS="336"
                    VPOS="4675"
                    WIDTH="2827"
                    HEIGHT="231">
            <Shape><Polygon POINTS="865 4682 799 4682 733 4682 667 4682 634 4675 343 4675 343 4834 336 4867 1129 4906 1136 4906 3157 4880 3163 4860 3163 4702 904 4682 865 4682"/></Shape>
	    <String CONTENT="Tremblant d’avoir oſé s’expliquer devant elle,"
                    HPOS="336"
                    VPOS="4675"
                    WIDTH="2827"
                    HEIGHT="231"></String>
          </TextLine>
          <TextLine ID="tl_23"
                    TAGREFS="LT204"
                    BASELINE="351 5002 760 5012 1122 5012 1342 5011 1818 5017 2060 5012 2514 5012 3060 4996 3128 4995" 
                    HPOS="343"
                    VPOS="4840"
                    WIDTH="2781"
                    HEIGHT="238">
            <Shape><Polygon POINTS="1862 4847 1836 4847 1763 4887 1420 4887 1340 4847 1334 4847 1294 4847 1261 4880 1215 4847 1208 4847 1202 4847 1195 4847 805 4880 343 4840 350 4999 350 5038 2351 5078 2358 5078 2364 5078 2371 5078 2437 5038 2443 5038 3117 5038 3124 4992 3111 4854 1968 4880 1882 4847 1862 4847"/></Shape>
	    <String CONTENT="Voſtre cœur me contoit ſon audace nouvelle?"
                    HPOS="343"
                    VPOS="4840"
                    WIDTH="2781"
                    HEIGHT="238"></String>
          </TextLine>
          <TextLine ID="tl_24"
                    TAGREFS="LT204"
                    BASELINE="352 5168 661 5166 1075 5176 1277 5177 1747 5182 1994 5182 2317 5173 2721 5171 3319 5166" 
                    HPOS="343"
                    VPOS="4999"
                    WIDTH="2972"
                    HEIGHT="257">
            <Shape><Polygon POINTS="1334 5012 1294 5012 1261 5045 812 5045 693 5005 601 5005 502 5038 376 5005 350 5005 350 5164 343 5210 719 5210 805 5250 812 5250 819 5256 1129 5256 1129 5250 1142 5250 1142 5243 1169 5223 1208 5250 1221 5250 1228 5256 1948 5256 1948 5250 1961 5250 1961 5243 2001 5210 2093 5243 2120 5243 2166 5210 2358 5243 3058 5210 3157 5243 3177 5243 3309 5204 3315 5164 3315 5045 3183 4999 1400 5038 1354 5012 1334 5012"/></Shape>
	    <String CONTENT="Vous fuyiez un hymen qui vous faiſoit trembler."
                    HPOS="343"
                    VPOS="4999"
                    WIDTH="2972"
                    HEIGHT="257"></String>
          </TextLine>
          <TextLine ID="tl_25"
                    TAGREFS="LT204"
                    BASELINE="365 5331 584 5330 1042 5346 1234 5342 1724 5361 2102 5341 2376 5336 2668 5336 2976 5330 3546 5306" 
                    HPOS="356"
                    VPOS="5157"
                    WIDTH="3184"
                    HEIGHT="265">
            <Shape><Polygon POINTS="1743 5184 1737 5177 1162 5177 1155 5177 1149 5177 1142 5177 1142 5184 1109 5210 356 5177 363 5329 363 5382 601 5422 607 5422 812 5389 819 5389 1103 5389 1136 5415 1136 5422 1142 5422 1149 5422 1155 5422 1644 5389 1671 5389 1704 5389 2054 5415 2060 5415 2067 5415 2074 5415 2074 5408 2080 5408 2093 5389 2107 5375 2173 5389 2278 5408 2285 5408 3540 5389 3540 5303 3520 5157 2912 5197 1743 5184 1743 5184"/></Shape>
	    <String CONTENT="Cet hymen eſt rompu. Quel ſoin peut vous troubler?"
                    HPOS="356"
                    VPOS="5157"
                    WIDTH="3184"
                    HEIGHT="265"></String>
          </TextLine>
          <TextLine ID="tl_26"
                    TAGREFS="LT204"
                    BASELINE="351 5498 766 5502 967 5517 1319 5517 1972 5507 2164 5504 2684 5502 3004 5496 3428 5486" 
                    HPOS="343"
                    VPOS="5342"
                    WIDTH="3078"
                    HEIGHT="264">
            <Shape><Polygon POINTS="350 5494 350 5554 541 5554 594 5593 594 5600 601 5600 607 5600 614 5606 1162 5606 1162 5600 1387 5560 1426 5587 1433 5587 1439 5587 1446 5587 1453 5587 1459 5587 1459 5580 1499 5547 1506 5547 1763 5593 1770 5593 1776 5593 1955 5547 1994 5540 2120 5547 2727 5587 2734 5587 3421 5540 3421 5481 3401 5342 1004 5382 343 5355 350 5494"/></Shape>
	    <String CONTENT="Suivez les doux tranſports où l’amour vous invite."
                    HPOS="343"
                    VPOS="5342"
                    WIDTH="3078"
                    HEIGHT="264"></String>
          </TextLine>
          <TextLine ID="tl_27"
                    TAGREFS="LT204"
                    BASELINE="1346 5681 2649 5682" 
                    HPOS="1340"
                    VPOS="5527"
                    WIDTH="1308"
                    HEIGHT="218">
            <Shape><Polygon POINTS="1340 5679 1340 5745 2648 5719 2648 5679 2648 5527 1340 5527 1340 5679"/></Shape>
	    <String CONTENT="ANTIOCHUS."
                    HPOS="1340"
                    VPOS="5527"
                    WIDTH="1308"
                    HEIGHT="218"></String>
          </TextLine>
          <TextLine ID="tl_28"
                    TAGREFS="LT204"
                    BASELINE="361 5827 816 5867 992 5843 1230 5842 1505 5883 1992 5836 2178 5838 2348 5833 2958 5836" 
                    HPOS="350"
                    VPOS="5653"
                    WIDTH="2602"
                    HEIGHT="237">
            <Shape><Polygon POINTS="2259 5686 2192 5686 2153 5706 2060 5686 2060 5686 1994 5686 1928 5686 1862 5686 1809 5686 1704 5706 1677 5686 1664 5686 1605 5686 1578 5712 799 5712 719 5672 680 5653 673 5653 667 5653 356 5666 356 5824 350 5877 2939 5890 2952 5831 2939 5672 2344 5706 2311 5686 2259 5686"/></Shape>
	    <String CONTENT="Arſace, je me voy chargé de ſa conduite."
                    HPOS="350"
                    VPOS="5653"
                    WIDTH="2602"
                    HEIGHT="237"></String>
          </TextLine>
          <TextLine ID="tl_29"
                    TAGREFS="LT204"
                    BASELINE="356 6034 486 5991 787 6001 999 6049 1689 6008 1869 6003 2051 6002 2404 5997 3129 6014" 
                    HPOS="343"
                    VPOS="5844"
                    WIDTH="2781"
                    HEIGHT="218">
            <Shape><Polygon POINTS="1783 5851 1717 5857 1651 5864 1585 5871 1525 5877 1459 5877 1393 5864 1327 5857 1261 5844 1195 5844 1129 5844 1063 5844 1037 5844 1030 5844 1023 5844 1017 5844 1017 5851 984 5877 343 5851 350 6029 350 6062 3124 6049 3124 6009 3117 5844 1849 5844 1783 5851"/></Shape>
	    <String CONTENT="Je joüiray longtemps de ſes chers entretiens,"
                    HPOS="343"
                    VPOS="5844"
                    WIDTH="2781"
                    HEIGHT="218"></String>
          </TextLine>
          <TextLine ID="tl_30"
                    TAGREFS="LT204"
                    BASELINE="364 6161 559 6162 883 6168 1399 6171 2030 6166 2892 6157 3180 6158 3662 6138" 
                    HPOS="356"
                    VPOS="6003"
                    WIDTH="3303"
                    HEIGHT="251">
            <Shape><Polygon POINTS="3064 6009 2800 6009 2780 6003 1545 6009 1545 6016 1479 6016 1413 6023 1347 6023 1215 6036 1149 6036 1083 6042 1017 6042 951 6036 885 6023 865 6016 376 6016 356 6029 363 6155 363 6214 871 6254 885 6254 977 6214 1116 6254 1142 6254 1175 6221 1195 6207 1288 6247 1294 6247 1301 6254 1776 6254 1776 6247 1790 6247 1836 6207 1922 6247 1941 6247 2034 6201 2443 6201 2496 6227 2510 6240 2602 6234 2741 6207 2807 6234 2827 6240 2840 6240 2926 6234 3243 6194 3282 6227 3282 6234 3296 6234 3302 6240 3652 6240 3659 6135 3639 6003 3064 6003 3064 6009"/></Shape>
	    <String CONTENT="Ses yeux meſme pourront s’accoutumer aux miens."
                    HPOS="356"
                    VPOS="6003"
                    WIDTH="3303"
                    HEIGHT="251"></String>
          </TextLine>
          <TextLine ID="tl_31"
                    TAGREFS="LT204"
                    BASELINE="381 6317 508 6317 1152 6332 1386 6338 1756 6331 2024 6332 2168 6328 2810 6323" 
                    HPOS="369"
                    VPOS="6161"
                    WIDTH="2438"
                    HEIGHT="185">
            <Shape><Polygon POINTS="2245 6161 2239 6161 2225 6168 2146 6201 2087 6168 2080 6161 2074 6161 2067 6161 2060 6161 2054 6161 2041 6168 1961 6201 1849 6168 1829 6168 1790 6168 1750 6207 1301 6207 1208 6168 1169 6168 1149 6168 1023 6201 977 6168 970 6168 924 6168 865 6207 620 6207 402 6161 376 6161 376 6313 369 6346 2800 6346 2807 6320 2794 6174 2252 6161 2245 6161"/></Shape>
	    <String CONTENT="Et peut-eſtre ſon cœur fera la difference"
                    HPOS="369"
                    VPOS="6161"
                    WIDTH="2438"
                    HEIGHT="185"></String>
          </TextLine>
          <TextLine ID="tl_32"
                    TAGREFS="LT204"
                    BASELINE="378 6483 611 6490 1221 6508 1385 6503 1751 6503 1875 6508 2137 6496 3011 6496" 
                    HPOS="369"
                    VPOS="6320"
                    WIDTH="2636"
                    HEIGHT="330">
            <Shape><Polygon POINTS="1499 6333 1169 6333 1103 6326 838 6326 772 6320 376 6320 376 6478 369 6630 931 6597 1096 6630 1109 6630 1175 6597 1255 6623 1334 6643 1340 6650 1677 6650 1677 6643 1690 6643 1737 6610 1803 6577 2021 6584 2067 6630 2067 6637 2093 6637 2225 6597 2483 6637 2556 6597 2589 6584 2992 6584 3005 6491 2998 6359 1499 6333"/></Shape>
	    <String CONTENT="Des froideurs de Titus à ma perſeverance."
                    HPOS="369"
                    VPOS="6320"
                    WIDTH="2636"
                    HEIGHT="330"></String>
          </TextLine>
        </TextBlock>
        <TextBlock HPOS="324.0"
                   VPOS="2397.0"
                   WIDTH="287.0"
                   HEIGHT="372.0"
                   ID="eSc_textblock_60381c14"
                   TAGREFS="BT312">
          <Shape><Polygon POINTS="324 2397 324 2769 611 2769 611 2397"/></Shape>
        </TextBlock>
        <TextBlock HPOS="4075.0"
                   VPOS="695.0"
                   WIDTH="96.0"
                   HEIGHT="276.0"
                   ID="eSc_textblock_bd1cbf08"
                   TAGREFS="BT310">
          <Shape><Polygon POINTS="4075 695 4075 971 4171 971 4171 695"/></Shape>
        </TextBlock>
        <TextBlock HPOS="659.0"
                   VPOS="192.0"
                   WIDTH="144.0"
                   HEIGHT="120.0"
                   ID="eSc_textblock_8116019a"
                   TAGREFS="BT310">
          <Shape><Polygon POINTS="659 192 659 312 803 312 803 192"/></Shape>
        </TextBlock>
        <TextBlock HPOS="887.0"
                   VPOS="7395.0"
                   WIDTH="168.0"
                   HEIGHT="144.0"
                   ID="eSc_textblock_ee31f2be"
                   TAGREFS="BT310">
          <Shape><Polygon POINTS="887 7395 887 7539 1055 7539 1055 7395"/></Shape>
        </TextBlock>
        <TextBlock HPOS="4027.0"
                   VPOS="252.0"
                   WIDTH="120.0"
                   HEIGHT="203.0"
                   ID="eSc_textblock_7b853ae2"
                   TAGREFS="BT310">
          <Shape><Polygon POINTS="4027 252 4027 455 4147 455 4147 252"/></Shape>
        </TextBlock>
        <TextBlock HPOS="228.0"
                   VPOS="827.0"
                   WIDTH="3404.0"
                   HEIGHT="563.0"
                   ID="eSc_textblock_54e4962e"
                   TAGREFS="BT306">
          <Shape><Polygon POINTS="228 827 228 1390 3632 1390 3632 827"/></Shape>
        </TextBlock>
      </PrintSpace>
    </Page>
  </Layout>
</alto>
