4267 7830
1372 606 1307 255 TRAGEDIE.

3463 693 137 181 5

1542 854 823 216 ARSACE.

1862 998 385 183 Vous?

1313 1096 1281 319 ANTIOCHUS.

2273 1285 1307 261 En ſortant du Palais,

365 1415 3098 327 Je ſors de Rome, Arſace, & j’en ſors pour jamais.

1548 1657 863 209 ARSACE.

372 1755 2790 274 Je ſuis ſurpris ſans doute, & c’eſt avec juſtice.

378 1964 2771 241 Quoy depuis ſi long-temps la Reyne Berenice

372 2107 2927 274 Vous arrache, Seigneur, du ſein de vos Eſtats,

378 2283 3065 235 Depuis trois ans dans Rome elle arreſte vos pas;

392 2440 2679 228 Et lors que cette Reyne aſſurant ſa conqueſte

385 2596 2954 242 Vous attend pour témoin de cette illuſtre Feſte,

385 2760 2862 241 Quand l'amoureux Titus, devenant ſon Epoux,

385 2923 2653 261 Luy prépare un éclat qui rejallit ſur vous....

1248 3086 1339 235 ANTIOCHUS.

392 3184 2260 319 Arſace, laiſſe-la joüir de ſa fortune,

392 3406 2973 254 Et quitte un entretien dont le cours m’importune.

1607 3595 823 235 ARSACE.

392 3680 2914 306 Je vous entens, Seigneur. Ces meſmes dignitez

405 3915 2633 234 Ont rendu Berenice ingrate à vos bontez.

392 4045 2208 261 L’inimitié ſuccede à l’amitié trahie.

1359 4241 1274 228 ANTIOCHUS.

405 4365 2770 287 Non, Arſace, jamais je ne l'ay moins haïe.

1561 4547 830 209 ARSACE.

398 4691 3104 254 Quoy donc? De ſa grandeur déja trop prévenu,

405 4887 2679 195 Le nouvel Empereur vous a-t-il méconnu?

392 5030 2653 209 Quelque preſſentiment de ſon indifference

405 5180 2764 216 Vous fait-il loin de Rome éviter ſa preſence?

1306 5350 1314 241 ANTIOCHÜS.

398 5487 2718 281 Titus n’a point pour moy paru ſe démentir,

405 5670 1777 235 J’aurois tort de me plaindre.

1574 5820 830 222 ARSACE.

1738 5996 1646 215 Et pourquoy donc partir?

405 6133 3012 254 Quel caprice vous rend ennemy de vous-meſme?

398 6303 2993 306 Le Ciel met ſur le Trône un Prince qui vous aime,

2744 6525 320 254 A iij
