4267 7959
583 756 3338 212 Le Ciel ſçait qu’au milieu des honneurs qu’il m'en¬

922 902 385 205 voye,

577 1034 3125 272 Je n’attendois que vous pour témoin de ma joye.

590 1220 2714 239 Avec tout l'Uniuers j’honorois vos vertus,

583 1366 2701 265 Titus vous cheriſſoit, vous admiriez Titus.

597 1532 2847 265 Cent fois je me ſuis fait une douceur extréme

597 1697 2747 279 D’entretenir Titus dans un autre luy-méme.

1572 1876 1347 239 ANTIOCHUS.

603 2003 2993 311 Et c’eſt ce que je fuis. J’évite, mais trop tard,

623 2195 2920 265 Ces cruels entretiens où je n'ay point de part.

603 2354 2907 259 Je fuis Titus. Je fuis ce nom qui m’inquiete,

623 2533 3146 259 Ce nom qu’à tous momens voſtre bouche repete.

603 2679 3153 259 Que vous diray-je enfin? Je fuis des yeux diſtraits

617 2858 3019 232 Qui me voyant toûjours ne me voyoient jamais.

610 3017 3172 272 Adieu, je vais le cœur trop plein de voſtre image,

623 3196 3206 226 Attendre en vous aimant la mort pour mon partage.

630 3342 3152 272 Surtout ne craignez point qu’une aveugle douleur

623 3501 2960 279 Rempliſſe l’Univers du bruit de mon malheur,

623 3674 3086 285 Madame, le ſeul bruit d’une mort que j’implore,

623 3846 2608 246 Vous fera ſouvenir que je vivois encore.

623 3999 418 232 Adieu.

557 517 199 225 12

1546 431 1307 305 BERENICE.

1320 5081 1798 311 SCENE V.

995 5385 2588 345 BERENICE, PHENICE.

1931 5803 955 239 PHENICE

1310 5861 435 380 Q

1639 5962 1957 246 ue je le plains! Tant de fidelité,

630 6115 2349 278 Madame, meritoit plus de proſperité.

643 6307 1606 298 Ne le plaignez-vous pas?
