4267 7905
639 678 139 217 6

1596 665 1259 224 BERENICE.

646 889 2730 217 Un Prince qui jadis témoin de vos combats

633 1027 3000 277 Vous vit chercher la gloire & la mort ſur ſes pas,

626 1225 2625 217 Et de qui la valeur par vos ſoins ſecondée

619 1357 2394 256 Mit enfin ſous le joug la rebelle Judée.

619 1515 2724 237 Il ſe ſouvient du jour illuſtre & douloureux

613 1712 2763 198 Qui décida du ſort d'un long ſiege douteux:

619 1864 2823 224 Sur leur triple rempart les Ennemis tranquiles

626 2015 2816 264 Contemploient ſans peril nos aſſauts inutiles,

606 2167 2671 237 Le Bellier impuiſſant les menaçoit en vain.

619 2331 3278 271 Vous ſeul, Seigneur, vous ſeul, une échelle à la main,

619 2516 2968 224 Vous portaſtes la mort juſques ſur leurs murailles.

626 2674 2928 270 Ce jour preſque éclaira vos propres funerailles,

619 2832 2810 244 Titus vous embraſſa mourant entre mes bras,

619 3003 2876 231 Et tout le camp vainqueur pleura voſtre trépas.

619 3168 3067 250 Voicy le temps, Seigneur, où vous devez attendre

626 3313 3179 290 Le fruit de tant de ſang qu’ils vous ont veû répandre.

619 3491 2289 204 Si preſſé du deſir de revoir vos Eſtats

619 3662 3067 231 Vous vous laſſez de vivre, où vous ne regnez pas;

626 3820 3106 231 Faut-il que ſans honneur l’Euphrate vous revoye?

613 3992 2829 204 Attendez pour partir que Céſar vous renvoye

619 4156 2770 198 Triomphant, & chargé des titres ſouverains

626 4321 3021 204 Qu'ajouſte encore aux Rois l’amitié des Romains.

619 4446 3252 297 Rien ne peut-il, Seigneur, changer voſtre entrepriſe?

619 4637 1570 224 Vous ne répondez point.

1576 4756 1240 362 ANTIOCHUS

2314 5039 1583 237 Que veux-tu que je diſe?

626 5190 2783 297 J'attens de Berenice un moment d’entretien.

1879 5395 844 257 ARSACE.

639 5559 1332 323 Hé bien, Seigneur?

1596 5737 1286 363 ANTIOCHUS.

2097 6040 1596 244 Son ſort decidera du mien,

1793 6218 845 435 ARSACE.

652 6409 746 422 Comment?
