4267 8051
1364 791 1149 168 BERENICE.

1753 912 1472 221 Cette prompte retraitte

322 1080 2748 228 Me laiſſe, je l'avouë, une douleur ſecrette.

1464 1261 995 248 PHENICE.

329 1402 1149 355 Je l’aurois retenu.

1438 1563 1048 288 BERENICE.

1525 1818 1451 235 Qui moy? Le retenir?

322 1912 2775 302 J’en doy perdre plutoſt juſques au ſouvenir.

335 2160 2997 262 Tu veux donc que je flatte une ardeur inſenſée?

1485 2321 960 255 PHENICE.

329 2502 2728 255 Titus n’a point encore expliqué la penſée.

342 2670 3212 261 Rome vous voit, Madame, avec des yeux jaloux,

356 2824 2956 255 La rigueur de ſes Loix m’épouvante pour vous.

342 2985 3306 262 L’hymen chez les Romains n’admet qu’une Romaine.

356 3153 3003 261 Rome hait tous les Rois, & Berenice eſt Reyne.

1431 3334 1075 208 BERENICE.

349 3468 3286 275 Le temps n’eſt plus, Phénice, où je pouvois trembler.

342 3649 3031 262 Titus m’aime, il peut tout, il n’a plus qu’à parler.

356 3817 2829 289 Il verra le Senat m’apporter ſes hommages,

362 3978 2883 282 Et le Peuple, de fleurs couronner ſes images.

524 4146 3030 248 De cette nuit, Phénice, as-tu veu la ſplendeur?

356 4307 3245 268 Tes yeux ne ſont-ils pas tous pleins de ſa grandeur?

362 4475 3004 301 Ces flambeaux, ce Bucher, cette nuit enflâmée,

369 4636 3299 308 Ces Aigles, ces Faiſceaux, ce Peuple, cette Armée,

369 4803 2762 302 Cette foule de Rois, ces Conſuls, ce Senat,

376 4971 3124 268 Qui tous de mon Amant empruntoient leur éclat;

369 5152 2916 262 Cette pourpre, cet or que rehauſſoit ſa gloire,

362 5300 2863 268 Et ces Lauriers encore témoins de ſa victoire,

356 5474 3050 269 Tous ces yeux, qu’on voyoit venir de toutes parts

369 5642 2795 262 Confondre ſur luy ſeul leurs avides regards;

369 5803 2580 241 Ce port majeſtueux, cette douce preſence.

369 5984 2990 255 Ciel! avec quel reſpect, & quelle complaiſance,

362 6138 3085 275 Tous les cœurs en ſecret l’aſſuroient de leur foy!

383 6306 3124 362 Parle. Peut-on le voir fans penſer comme moy,

1290 496 1303 242 TRAGEDIE.

3514 543 134 241 13
