4267 8126
690 616 217 244 22

1706 636 1321 237 BERENICE.

1991 927 840 176 PAULIN.

690 981 3367 325 Hé quoy, Seigneur, hé quoy? Cette magnificence

690 1225 2980 237 Qui va juſqu'à l’Euphrate étendre ſa puiſſance,

690 1381 3069 250 Tant d’honneurs, dont l’excés a ſurpris le Senat,

690 1564 3136 189 Vous laiſſent-ils encor craindre le nom d’ingrat?

690 1699 3116 264 Sur cent Peuples nouveaux Berenice commande.

1991 1889 711 216 TITUS.

690 2045 2845 223 Foibles amuſemens d’une douleur ſi grande!

677 2207 3021 257 Je connoy Berenice, & ne ſçay que trop bien

690 2410 3116 210 Que ſon cœur n’a jamais demandé que le mien.

684 2539 2973 271 Je l’aimay, je luy plûs. Depuis cette journée,

697 2728 2750 217 (Dois-je dire funeſte, helas! ou fortunée?)

677 2871 2966 250 Sans avoir en aimant d’objet que ſon amour,

684 3054 3014 230 Eſtrangere dans Rome, inconnue à la Cour,

677 3236 3034 197 Elle paſſe ſes jours, Paulin, ſans rien prétendre

677 3399 3359 223 Que quelque heure à me voir, & le reſte à m’attendre.

670 3561 2675 204 Encor ſi quelquefois un peu moins aſſidu

670 3731 2642 223 Je paſſe le moment, où je ſuis attendu,

656 3880 2865 243 Je la revoy bientoſt de pleurs toute trempée.

663 4063 2906 243 Ma main à les ſecher eſt longtemps occupêe.

663 4232 3217 216 Enfin tout ce qu’Amour a de nœuds plus puiſſans,

663 4401 3204 210 Doux reproches, tranſports ſans ceſſe renaiſſans,

656 4557 3130 230 Soin de plaire ſans art, crainte toûjours nouvelle,

663 4733 2892 217 Beauté, Gloire, Vertu, je trouve tout en elle,

650 4895 3034 231 Depuis cinq ans entiers chaque jour je la vois,

656 5071 2954 217 Et croy toûjours la voir pour la premiere fois.

656 5193 3367 312 N'y ſongeons plus. Allons, cher Paulin, plus j’y penſe,

650 5410 2797 210 Plus je ſens chanceler ma cruelle confiance.

643 5566 3041 230 Quelle nouvelle, ô Ciel! je luy vais annoncer!

643 5749 3041 210 Encor un coup, allons, il n’y faut plus penſer.

629 5871 3089 270 Je connoy mon devoir, c’eſt à moy de le ſuivre,

636 6080 2709 359 Je n’examine point ſi j’y pourray ſurvivre.
