4267 7905
600 474 151 164 4

1523 375 1345 250 BERENICE.

586 671 2790 224 Titus apres huit jours d’une retraites auſtere

600 816 2644 231 Ceſſe enfin de pleurer Veſpaſien ſon pere.

600 974 2961 231 Cet Amant ſe redonne aux ſoins de ſon amour.

600 1139 3033 257 Et ſi j'en croy, Seigneur, l'entretien de la Cour,

600 1310 2710 218 Peut-eſtre avant la nuit l’heureuſe Berenice

606 1469 2968 270 Change le nom de Reyne au nom d’Imperatrice.

1576 1640 1312 323 ANTIOCHUS.

606 1811 462 297 Helas!

1866 2061 851 224 ARSACE.

1134 2200 2763 270 Quoy? ce diſcours pourroit-il vous troubler?

1642 2411 1286 230 ANTIOCHUS,

613 2569 2855 243 Ainſi donc ſans témoins je ne luy puis parler?

1800 2746 851 257 ARSACE.

619 2898 2975 277 Vous la verrez, Seigneur. Berenice eſt inſtruite

626 3129 2829 210 Que vous voulez icy la voir ſeule, & ſans ſuite.

619 3293 2619 211 La Reyne d’un regard a daigné m'avertir

633 3438 2875 231 Qu'à à voſtre empreſſement elle alloit conſentir.

633 3616 2882 217 Et ſans doute elle attend le moment favorable

639 3787 3041 237 De diſparoiſtre aux yeux d'une Cour qui l'accable.

1569 3959 1299 204 ANTIOCHUS.

639 4077 2553 231 Il ſuffit. Cependant n'as-tu rien négligé

652 4288 2816 211 Des ordres importans dont je t'avois chargé?

1820 4433 857 217 ARSACE.

652 4584 3100 251 Seigneur, vous connoiſſez ma promte obeïſſance.

652 4782 2830 204 Des Vaiſſeaux dans Oſtie armez en diligence,

666 4953 2961 205 Preſts à quitter le port de momens en momens,

666 5111 3099 205 N’attendent pour partir que vos commandemens.

672 5270 3001 256 Mais qui renvoyez-vous dans voſtre Comagene?

1681 5414 1299 224 ANTIOCHUS.

685 5566 3093 329 Arſace, il faut partir quand j'auray veû la Reyne.

1866 5750 831 211 ARSACE.

685 5869 1029 428 Qui doit partir?

1655 6040 1279 382 ANTIOCHUS.

1886 6251 323 343 Moy.
