4267 8223
665 623 261 274 24

1728 589 1352 281 BERENICE.

692 856 3238 233 Tandis qu'autour de moy voſtre Cour aſſemblée,

692 1034 3321 240 Retentit des bienfaits dont vous m’avez comblée,

699 1206 3039 233 Eſt-il juſte, Seigneur, que ſeule en ce moment

699 1384 2820 233 Je demeure ſans voix & ſans reſſentiment!

699 1576 3238 185 Mais Seigneur, (car je ſçay que cet Amy ſincere

699 1713 3245 253 Du ſecret de nos coeurs connoiſt tout le myſtere)

699 1884 2902 233 Voſtre deüil eſt finy, rien n’arreſte vos pas,

699 2055 2902 233 Vous eſtes ſeul enfin, & ne me cherchez pas.

699 2220 3252 260 J’entens que vous m’offrez un nouveau Diadéme,

706 2418 3197 206 Et ne puis cependant vous entendre vous meſme.

699 2569 3279 240 Helas! plus de repos, Seigneur, & moins d’éclat.

699 2747 3087 206 Voſtre amour ne peut-il paroiſtre qu’au Senat?

706 2919 3025 246 Ah Titus! Car enfin l’amour fuit la contrainte

699 3083 3224 226 De tous ces noms, que ſuit le reſpect & la crainte.

720 3248 3210 239 De quel ſoin voſtre amour va-t-il s’importuner?

706 3412 3067 233 N’a-t-il que des Eſtats qu’il me puiſſe donner?

706 3590 3423 261 Depuis quand croyez-vous que ma grandeur me

1056 3768 501 220 touche?

699 3864 3183 322 Un ſoupir, un regard, un mot de voſtre bouche,

699 4097 2868 233 Voilà l’ambition d’un cœur comme le mien.

713 4275 3046 220 Voyez-moy plus ſouvent & ne me donnez rien.

706 4440 3101 212 Tous vos momens ſont-ils dévoüez à l’Empire?

713 4611 3190 192 Ce cœur apres huit jours n’a-t-il rien à me dire?

706 4783 2806 246 Qu'un mot va raſſurer mes timides eſprits!

706 4940 3403 247 Mais parliez-vous de moy, quand je vous ay surpris?

699 5125 2978 213 Dans vos ſecrets diſcours eſtois-je intereſſée.

699 5296 3307 240 Seigneur? Eſtois-je au moins preſente à la penſée?

2016 5468 693 212 TITUS.

706 5619 3259 253 N’en doutez point, Madame, & j’atteſte les Dieux

699 5817 3067 213 Que toûjours Berenice eſt preſente à mes yeux.

699 5982 3060 246 L'abſence, ni le temps, je vous le jure encore,

699 6153 3087 254 Ne vous peuvent ravir ce cœur qui vous adore.

1797 6318 1145 212 BERENICE.

699 6496 3012 260 Hé quoy? vous me jurez une éternelle ardeur,

706 6694 2669 322 Et vous me la jurez avec cette froideur?

3471 6729 617 411 Pourquoy
