4267 8041
576 569 229 228 30

1536 509 1322 308 BERENICE.

1650 804 1328 227 ANTIOCHUS.

570 897 1080 315 Moy, Seigneur?

1845 1065 684 295 TITUS.

1724 1293 375 201 Vous.

1590 1420 1321 268 ANTIOCHUS.

1824 1621 2094 248 Helas! D’un Prince malheureux,

556 1762 3355 308 Que pouvez-vous, Seigneur, attendre que des vœux?

1912 1976 691 228 TITUS.

550 2083 2891 275 Je n'ay pas oublié, Prince, que ma victoire

556 2278 2892 281 Devoit à vos exploits la moitié de ſa gloire,

570 2465 2885 208 Que Rome vit paſſer au nombre des Vaincus

550 2606 2945 248 Plus d’un Captif, chargé des fers d’Antiochus,

563 2780 2556 242 Que dans le Capitole elle voit attachées

550 2914 3133 282 Les dépoüilles des Juifs par vos mains arrachées.

543 3109 3026 261 Je n'attens pas de vous de ces ſanglans exploits,

556 3283 2825 234 Et je veux ſeulement emprunter voſtre voix.

563 3471 2690 214 Je ſçay que Berenice à vos ſoins redevable

556 3625 2644 227 Croit poſſeder en vous un Amy veritable.

543 3792 2898 228 Elle ne voit dans Rome & n’écoute que vous.

550 3940 3207 281 Vous ne faites qu’un cœur & qu’une ame avec nous.

550 4114 2932 288 Au nom d’une Amitié ſi conſtante, & ſi belle,

550 4301 2844 282 Employez le pouvoir que vous avez ſur elle.

556 4469 1389 275 Voyez-la de ma part.

1563 4543 1315 308 ANTIOCHUS.

1670 4764 1744 301 Moy? paroiſtre à ſes yeux.

563 4951 2630 289 La Reyne pour jamais a receu mes adieux.

1831 5126 671 261 TITUS.

563 5213 3274 362 Prince, il faut que pour moy vous luy parliez encore.

1543 5454 1294 261 ANTIOCHUS.

556 5508 2979 395 Ah! parlez-luy, Seigneur, la Reyne vous adore.

556 5796 3234 268 Pourquoy vous dérober vous-meſme en ce moment

556 5963 2637 248 Le plaiſir de luy faire un aveu ſi charmant?

570 6131 2549 254 Elle l’attend, Seigneur, avec impatience.

556 6305 2523 335 Je répons en partant de ſon obeïſſance.
