4267 8136
1662 650 1356 224 BERENICE.

658 935 3107 190 J’aimois, je ſoupirois dans une paix proſonde,

658 1057 3073 237 Un autre eſtoit changé de l'Empire du Monde;

678 1233 3053 224 Maiſtre de mon deſtin, libre dans mes ſoupirs,

664 1396 2883 237 Je ne rendois qu’à moy conte de mes deſirs.

678 1579 2768 217 Mais à peine le Ciel eut rappellé mon Pere,

671 1722 2971 250 Dés que ma triſte main eut fermé ſa paupiere,

678 1911 2632 211 De mon aimable erreur je fus deſabuſé,

678 2088 2618 210 Je ſentis le fardeau qui m’eſtoit impoſé.

671 2230 3263 251 Je connus que bientoſt loin d’eſtre à ce que j’aime,

685 2413 3100 231 Il falloit, cher Paulin, renoncer à moy-meſme,

691 2562 3399 278 Et que le choix des Dieux, contraire à mes amours,

685 2745 2578 231 Livroit à l’Univers le reſte de mes jours.

691 2915 3230 224 Rome obſerve aujourd’huy ma conduite nouvelle.

698 3091 3100 224 Quelle honte pour moy! Quel préſage pour elle,

691 3254 3026 224 Si dés le premier pas renverſant tous ſes droits,

698 3417 3033 244 Je fondois mon bonheur ſur le débris des Lois!

698 3593 2361 230 Reſolu d’accomplir ce cruel ſacrifice,

698 3729 2490 277 J’y voulus préparer la triſte Berenice.

705 3918 3378 238 Mais par où commencer? Vingt fois depuis huit jours

698 4095 2768 244 J’ay voulu devant elle en ouvrir le diſcours,

712 4271 2903 224 Et dés le premier mot ma langue embaraſſée

712 4434 2849 237 Dans ma bouche vingt fois a demeuré glacée.

705 4569 3270 319 J’eſperois que du moins mon trouble & ma douleur

719 4766 3032 244 Luy feroit preſſentir noſtre commun malheur.

719 4922 3195 264 Mais ſans me ſoupçonner, ſenſible à mes allarmes,

719 5112 2944 210 Elle m’offre ſa main pour eſſuyer mes larmes,

732 5281 2958 237 Et ne prévoit rien moins dans cette obſcurité

732 5444 2985 244 Que la fin d’un amour, quelle a trop merité.

732 5627 2788 224 Enfin j'ay ce matin rappellé ma conſtance.

732 5769 2843 251 Il faut la voir, Paulin, & rompre le ſilence.

732 5946 2856 291 J’attens Antiochus, pour luy recommander

746 6129 2727 237 Ce dépoſt précieux que je ne puis garder.

732 6251 3012 305 Juſques dans l'Orient je veux qu’il la remeine.

732 6454 2978 237 Demain Rome avec luy verra partir la Reyne.

739 6637 2781 224 Elle en ſera bientoſt inſtruite par ma voix,

732 6793 2680 326 Et je vais luy parler pour la derniere fois.

637 698 224 210 20
