4267 7934
304 793 2712 211 Rome vous vit, Madame, arriver avec, luy.

310 925 2865 238 Dans l'Orient deſert quel devint mon ennuy!

310 1071 2931 244 Je demeuray longtemps errant dans Céſarée,

304 1223 3142 271 Lieux charmans, où mon cœur vous avoit adorée.

304 1421 2633 238 Je vous redemandois à vos triſtes Eſtats,

304 1553 2798 265 Je cherchois en pleurant les traces de vos pas.

317 1732 2673 251 Mais enfin ſuccombant à ma mélancolie,

317 1904 2712 231 Mon deſeſpoir tourna mes pas vers l’Italie.

337 2049 2818 265 Le Sort m'y reſervoit le dernier de ſes coups.

317 2208 2931 264 Titus en m’embraſſant m'amena devant vous.

324 2366 2977 238 Un voile d’amitié vous trompa l'un & l’autre;

350 2545 2825 245 Et mon amour devint le confident du voſtre.

337 2684 3155 278 Mais toujours quelque eſpoir flattoit mes déplaiſirs.

337 2876 2712 257 Rome, Veſpaſien, traverſoient vos ſoûpirs.

344 3028 2970 257 Apres tant de combats Titus cedoit peut-eſtre.

337 3213 2573 231 Veſpaſien eſt mort, & Titus eſt le Maiſtre.

350 3358 3169 258 Que ne fuyois-je alors! J’ay voulu quelques jours

363 3557 2541 218 De ſon nouvel empire examiner le cours.

363 3676 2977 244 Mon ſort eſt accomply. Voſtre gloire s’apreſte.

363 3861 2957 238 Aſſez d'autres ſans moy, témoins de cette Feſte,

363 4000 3209 264 A vos heureux tranſports viendront joindre les leurs.

377 4171 3188 272 Pour moy, qui ne pourrois y meſler que des pleurs,

370 4343 2726 238 D’un inutile amour trop conſtante victime,

370 4528 3281 245 Heureux dans mes malheurs, d’en avoir pû ſans crime,

383 4674 2944 251 Conter toute l’hiſtoire aux yeux qui les ont faits,

370 4839 2825 251 Je pars plus amoureux que je ne fus jamais.

1508 5011 1072 225 BERENICE.

377 5157 2963 251 Seigneur, je n'ay pas crû que dans une journée

383 5329 2441 218 Qui doit avec Céſar unir ma deſtinée,

383 5441 2759 264 Il fuſt quelque Mortel qui puſt impunément

377 5672 2639 192 Se venir à mes yeux déclarer mon Amant.

390 5838 2950 205 Mais de mon Amitié mon ſilence eſt un gage,

390 6003 2957 225 J'oublie en ſa faveur un diſcours qui m'outrage.

423 6155 2706 218 Je n’en ay point troublé le cours injurieux.

390 6300 2772 331 Je fay plus, A regret je reçoy vos adieux.

1356 509 1290 231 TRAGEDIE.

3440 542 244 165 11
