<?xml version="1.0" encoding="UTF-8"?>
<alto xmlns:xsi="http://www.w3.org/2001/XMLSchema-instance"
      xmlns="http://www.loc.gov/standards/alto/ns-v4#"
      xsi:schemaLocation="http://www.loc.gov/standards/alto/ns-v4# http://www.loc.gov/standards/alto/v4/alto-4-2.xsd">
  <Description>
    <MeasurementUnit>pixel</MeasurementUnit>
    <sourceImageInformation>
      <fileName>Racine1676_Oeuvres_bpt6k990581p_corrected_0030.png</fileName>
    </sourceImageInformation>
  </Description>
  <Tags>
    <OtherTag ID="BT7" LABEL="CustomZone" DESCRIPTION="block type CustomZone"/><OtherTag ID="BT8" LABEL="DamageZone" DESCRIPTION="block type DamageZone"/><OtherTag ID="BT9" LABEL="DigitizationArtefactZone" DESCRIPTION="block type DigitizationArtefactZone"/><OtherTag ID="BT10" LABEL="DropCapitalZone" DESCRIPTION="block type DropCapitalZone"/><OtherTag ID="BT11" LABEL="GraphicZone" DESCRIPTION="block type GraphicZone"/><OtherTag ID="BT12" LABEL="MainZone" DESCRIPTION="block type MainZone"/><OtherTag ID="BT13" LABEL="MarginTextZone" DESCRIPTION="block type MarginTextZone"/><OtherTag ID="BT14" LABEL="MusicZone" DESCRIPTION="block type MusicZone"/><OtherTag ID="BT15" LABEL="NumberingZone" DESCRIPTION="block type NumberingZone"/><OtherTag ID="BT17" LABEL="QuireMarksZone" DESCRIPTION="block type QuireMarksZone"/><OtherTag ID="BT18" LABEL="RunningTitleZone" DESCRIPTION="block type RunningTitleZone"/><OtherTag ID="BT19" LABEL="SealZone" DESCRIPTION="block type SealZone"/><OtherTag ID="BT20" LABEL="StampZone" DESCRIPTION="block type StampZone"/><OtherTag ID="BT21" LABEL="TableZone" DESCRIPTION="block type TableZone"/><OtherTag ID="BT22" LABEL="TitlePageZone" DESCRIPTION="block type TitlePageZone"/><OtherTag ID="BT304" LABEL="Title" DESCRIPTION="block type Title"/><OtherTag ID="BT305" LABEL="Stamp" DESCRIPTION="block type Stamp"/><OtherTag ID="BT306" LABEL="Decoration" DESCRIPTION="block type Decoration"/><OtherTag ID="BT307" LABEL="Main" DESCRIPTION="block type Main"/><OtherTag ID="BT308" LABEL="RunningTitle" DESCRIPTION="block type RunningTitle"/><OtherTag ID="BT309" LABEL="Signatures" DESCRIPTION="block type Signatures"/><OtherTag ID="BT310" LABEL="Damage" DESCRIPTION="block type Damage"/><OtherTag ID="BT311" LABEL="Numbering" DESCRIPTION="block type Numbering"/><OtherTag ID="BT312" LABEL="DropCapital" DESCRIPTION="block type DropCapital"/>
    <OtherTag ID="LT7" LABEL="CustomLine" DESCRIPTION="line type CustomLine"/><OtherTag ID="LT8" LABEL="DefaultLine" DESCRIPTION="line type DefaultLine"/><OtherTag ID="LT9" LABEL="DropCapitalLine" DESCRIPTION="line type DropCapitalLine"/><OtherTag ID="LT10" LABEL="HeadingLine" DESCRIPTION="line type HeadingLine"/><OtherTag ID="LT11" LABEL="InterlinearLine" DESCRIPTION="line type InterlinearLine"/><OtherTag ID="LT12" LABEL="MusicLine" DESCRIPTION="line type MusicLine"/><OtherTag ID="LT204" LABEL="Default" DESCRIPTION="line type Default"/><OtherTag ID="LT205" LABEL="Rubric" DESCRIPTION="line type Rubric"/>
  </Tags>
  <Layout>
    <Page WIDTH="4267"
          HEIGHT="7968"
          PHYSICAL_IMG_NR="18"
          ID="eSc_dummypage_">
      <PrintSpace HPOS="0"
                  VPOS="0"
                  WIDTH="4267"
                  HEIGHT="7968">
        <TextBlock HPOS="563.0"
                   VPOS="515.0"
                   WIDTH="180.0"
                   HEIGHT="228.0"
                   ID="eSc_textblock_2ca97fe3"
                   TAGREFS="BT311">
          <Shape><Polygon POINTS="563 515 563 743 743 743 743 515"/></Shape>
          <TextLine ID="tl_1"
                    TAGREFS="LT204"
                    BASELINE="612 688 696 688 731 689" 
                    HPOS="611"
                    VPOS="517"
                    WIDTH="113"
                    HEIGHT="233">
            <Shape><Polygon POINTS="677 517 611 517 611 683 611 730 717 750 724 683 724 517 677 517"/></Shape>
	    <String CONTENT="8"
                    HPOS="611"
                    VPOS="517"
                    WIDTH="113"
                    HEIGHT="233"></String>
          </TextLine>
        </TextBlock>
        <TextBlock HPOS="1558.0"
                   VPOS="515.0"
                   WIDTH="1319.0"
                   HEIGHT="276.0"
                   ID="eSc_textblock_f617a627"
                   TAGREFS="BT308">
          <Shape><Polygon POINTS="1558 515 1558 791 2877 791 2877 515"/></Shape>
          <TextLine ID="eSc_line_cef30e08"
                    TAGREFS="LT204"
                    BASELINE="1558 711 2844 745" 
                    HPOS="1548"
                    VPOS="504"
                    WIDTH="1290"
                    HEIGHT="272">
            <Shape><Polygon POINTS="2020 517 1954 517 1887 517 1821 517 1754 517 1688 517 1621 517 1555 504 1555 710 1548 743 2824 776 2838 743 2838 537 2067 517 2020 517"/></Shape>
	    <String CONTENT="BERENICE."
                    HPOS="1548"
                    VPOS="504"
                    WIDTH="1290"
                    HEIGHT="272"></String>
          </TextLine>
        </TextBlock>
        <TextBlock HPOS="515.0"
                   VPOS="791.0"
                   WIDTH="3476.0"
                   HEIGHT="5969.0"
                   ID="eSc_textblock_f9332838"
                   TAGREFS="BT307">
          <Shape><Polygon POINTS="551 791 515 6712 3799 6760 3991 815"/></Shape>
          <TextLine ID="tl_2"
                    TAGREFS="LT204"
                    BASELINE="601 929 1390 983 1644 952 1812 956 2099 962 2568 978 2802 993 3345 1013" 
                    HPOS="591"
                    VPOS="796"
                    WIDTH="2752"
                    HEIGHT="286">
            <Shape><Polygon POINTS="2884 810 2871 810 2738 836 2685 849 2538 803 1847 803 1814 810 1781 810 1741 803 1661 796 638 796 591 949 2618 1015 2678 1029 3057 1082 3336 1049 3343 1009 3336 863 3216 876 3137 823 3117 823 2944 843 2891 810 2884 810"/></Shape>
	    <String CONTENT="Aujourd’huy que le Ciel ſemble me preſager"
                    HPOS="591"
                    VPOS="796"
                    WIDTH="2752"
                    HEIGHT="286"></String>
          </TextLine>
          <TextLine ID="tl_3"
                    TAGREFS="LT204"
                    BASELINE="610 1098 812 1090 1465 1143 1962 1126 2294 1133 2453 1137 2941 1162 3449 1180 3590 1220" 
                    HPOS="598"
                    VPOS="929"
                    WIDTH="2991"
                    HEIGHT="325">
            <Shape><Polygon POINTS="2864 995 2798 995 2665 982 2598 982 2538 976 2425 982 2273 995 2213 976 2180 962 1867 982 1748 956 1601 956 1535 969 1468 976 1402 982 1335 982 1203 969 1136 969 937 949 870 949 671 929 604 929 604 1095 598 1122 1515 1181 1528 1181 1648 1148 1794 1188 2193 1168 2406 1208 2472 1215 2711 1188 2904 1228 2951 1235 3004 1235 3216 1208 3270 1241 3270 1248 3575 1254 3589 1215 3589 1035 2864 995"/></Shape>
	    <String CONTENT="Un honneur, qu&#x27;avec vous je prétens partager,"
                    HPOS="598"
                    VPOS="929"
                    WIDTH="2991"
                    HEIGHT="325"></String>
          </TextLine>
          <TextLine ID="tl_4"
                    TAGREFS="LT204"
                    BASELINE="616 1257 790 1257 1252 1272 1947 1292 2127 1293 2637 1314 2762 1320 3031 1329 3360 1346 3449 1376" 
                    HPOS="604"
                    VPOS="1095"
                    WIDTH="2838"
                    HEIGHT="292">
            <Shape><Polygon POINTS="1674 1135 1608 1142 1541 1142 1475 1142 1409 1142 1342 1135 1276 1128 1209 1122 1143 1122 1076 1115 1010 1108 950 1102 764 1095 744 1095 677 1095 611 1095 611 1254 604 1274 3429 1387 3442 1374 3442 1201 1714 1135 1674 1135"/></Shape>
	    <String CONTENT="Ce meſme Antiochus ſe cachant à ma veuë,"
                    HPOS="604"
                    VPOS="1095"
                    WIDTH="2838"
                    HEIGHT="292"></String>
          </TextLine>
          <TextLine ID="tl_5"
                    TAGREFS="LT204"
                    BASELINE="609 1431 825 1422 1169 1434 1290 1439 1461 1443 1893 1497 2269 1469 2637 1480 3350 1515" 
                    HPOS="598"
                    VPOS="1254"
                    WIDTH="2751"
                    HEIGHT="306">
            <Shape><Polygon POINTS="737 1261 671 1261 604 1254 604 1254 604 1427 598 1460 3336 1560 3349 1513 3349 1361 764 1261 737 1261"/></Shape>
	    <String CONTENT="Me laiſſe à la mercy d’une foule inconnuë?"
                    HPOS="598"
                    VPOS="1254"
                    WIDTH="2751"
                    HEIGHT="306"></String>
          </TextLine>
          <TextLine ID="tl_6"
                    TAGREFS="LT204"
                    BASELINE="1607 1618 2884 1677" 
                    HPOS="1595"
                    VPOS="1460"
                    WIDTH="1282"
                    HEIGHT="239">
            <Shape><Polygon POINTS="2864 1493 2804 1487 2771 1480 2452 1474 2406 1474 2339 1474 2273 1474 2206 1474 2133 1480 2067 1487 2000 1487 1934 1493 1867 1493 1801 1487 1734 1480 1668 1474 1608 1460 1601 1613 1595 1640 2864 1699 2877 1673 2877 1493 2864 1493"/></Shape>
	    <String CONTENT="ANTIOCHUS."
                    HPOS="1595"
                    VPOS="1460"
                    WIDTH="1282"
                    HEIGHT="239"></String>
          </TextLine>
          <TextLine ID="tl_7"
                    TAGREFS="LT204"
                    BASELINE="597 1761 726 1754 936 1753 1279 1767 1578 1818 1655 1807 2082 1792 2358 1805 2558 1806 2892 1817 3062 1828 3596 1836" 
                    HPOS="584"
                    VPOS="1573"
                    WIDTH="3011"
                    HEIGHT="306">
            <Shape><Polygon POINTS="2844 1673 2778 1673 2711 1666 2645 1666 2578 1659 2512 1659 2445 1653 2312 1653 2246 1646 2186 1646 2153 1653 2113 1640 2047 1640 1980 1633 1967 1633 1954 1646 1927 1633 1847 1626 1781 1626 1754 1620 1581 1640 1495 1593 1455 1593 1222 1626 1169 1586 1143 1586 970 1613 923 1580 897 1580 757 1620 591 1573 591 1759 584 1786 3582 1879 3595 1832 3582 1646 3502 1679 3263 1640 2844 1659 2844 1673"/></Shape>
	    <String CONTENT="Il eſt donc vray, Madame? Et ſelon ce diſcours"
                    HPOS="584"
                    VPOS="1573"
                    WIDTH="3011"
                    HEIGHT="306"></String>
          </TextLine>
          <TextLine ID="tl_8"
                    TAGREFS="LT204"
                    BASELINE="596 1917 1164 1932 1924 1952 2041 1957 2294 1956 2797 1981 3289 1998 3361 2004" 
                    HPOS="584"
                    VPOS="1759"
                    WIDTH="2772"
                    HEIGHT="279">
            <Shape><Polygon POINTS="3316 1832 3250 1832 3183 1832 3117 1832 3050 1825 2984 1825 2917 1819 2851 1812 2784 1812 2718 1812 2651 1806 2585 1806 2518 1806 2452 1806 2386 1806 2319 1799 2253 1799 2186 1792 2120 1792 2053 1792 1987 1792 1920 1799 1854 1799 1787 1806 1721 1806 1654 1806 1588 1812 1522 1806 1455 1799 1389 1786 1322 1779 1256 1766 1189 1766 1123 1766 1056 1759 990 1759 923 1759 857 1759 790 1759 724 1759 657 1759 591 1759 591 1912 584 1972 3343 2038 3356 1998 3356 1832 3316 1832"/></Shape>
	    <String CONTENT="L’hymen va ſucceder à vos longues amours?"
                    HPOS="584"
                    VPOS="1759"
                    WIDTH="2772"
                    HEIGHT="279"></String>
          </TextLine>
          <TextLine ID="tl_9"
                    TAGREFS="LT204"
                    BASELINE="1650 2109 1740 2109 2144 2130 2723 2149" 
                    HPOS="1641"
                    VPOS="1938"
                    WIDTH="1077"
                    HEIGHT="239">
            <Shape><Polygon POINTS="2047 1958 2040 1952 1781 1945 1781 1945 1714 1945 1648 1938 1648 2104 1641 2138 2705 2177 2718 2144 2718 1991 2047 1958 2047 1958"/></Shape>
	    <String CONTENT="BERENICE."
                    HPOS="1641"
                    VPOS="1938"
                    WIDTH="1077"
                    HEIGHT="239"></String>
          </TextLine>
          <TextLine ID="tl_10"
                    TAGREFS="LT204"
                    BASELINE="585 2253 1214 2293 1361 2267 1709 2274 2045 2287 2357 2293 2853 2310 3149 2314 3761 2345" 
                    HPOS="578"
                    VPOS="2065"
                    WIDTH="3183"
                    HEIGHT="305">
            <Shape><Polygon POINTS="2711 2144 2578 2144 2545 2138 2472 2151 2366 2131 2180 2131 2113 2124 1914 2118 1847 2111 1648 2111 1641 2104 1588 2111 1568 2098 1555 2084 1555 2078 1535 2078 1428 2091 1349 2104 1335 2091 1322 2071 1315 2071 1315 2065 1282 2065 1249 2091 1222 2098 584 2078 584 2250 578 2284 3741 2370 3755 2343 3761 2144 3489 2138 3456 2171 3402 2131 3063 2118 3044 2124 2977 2158 2864 2111 2718 2118 2711 2144"/></Shape>
	    <String CONTENT="Seigneur, je vous veux bien confier mes allarmes."
                    HPOS="578"
                    VPOS="2065"
                    WIDTH="3183"
                    HEIGHT="305"></String>
          </TextLine>
          <TextLine ID="tl_11"
                    TAGREFS="LT204"
                    BASELINE="595 2413 821 2413 1191 2422 1505 2433 1797 2444 2113 2455 2450 2464 3036 2479 3252 2485 3886 2490" 
                    HPOS="584"
                    VPOS="2270"
                    WIDTH="3297"
                    HEIGHT="319">
            <Shape><Polygon POINTS="3715 2343 3648 2343 3582 2337 3575 2337 3515 2337 3496 2330 1242 2284 1189 2290 1123 2290 1056 2284 1016 2277 591 2270 591 2410 584 2470 1814 2470 2067 2483 2140 2536 2146 2536 2153 2536 2160 2536 2166 2536 2173 2536 2266 2483 2465 2483 2665 2549 2718 2569 2725 2569 2731 2569 2738 2569 2744 2569 2764 2556 2844 2503 3030 2503 3143 2569 3157 2576 3163 2576 3170 2576 3868 2589 3881 2490 3874 2343 3715 2337 3715 2343"/></Shape>
	    <String CONTENT="Ces jours ont veû mes yeux baignez de quelques"
                    HPOS="584"
                    VPOS="2270"
                    WIDTH="3297"
                    HEIGHT="319"></String>
          </TextLine>
          <TextLine ID="tl_12"
                    TAGREFS="LT204"
                    BASELINE="949 2579 1385 2594" 
                    HPOS="937"
                    VPOS="2416"
                    WIDTH="445"
                    HEIGHT="213">
            <Shape><Polygon POINTS="943 2576 937 2629 1375 2629 1382 2589 1382 2456 943 2416 943 2576"/></Shape>
	    <String CONTENT="larmes."
                    HPOS="937"
                    VPOS="2416"
                    WIDTH="445"
                    HEIGHT="213"></String>
          </TextLine>
          <TextLine ID="tl_13"
                    TAGREFS="LT204"
                    BASELINE="597 2740 775 2739 1100 2798 1457 2760 1712 2766 2076 2776 2638 2791 2767 2796 2907 2802 3277 2812 3366 2848" 
                    HPOS="584"
                    VPOS="2563"
                    WIDTH="2779"
                    HEIGHT="305">
            <Shape><Polygon POINTS="591 2735 584 2755 3349 2868 3363 2841 3363 2662 2990 2629 2984 2629 2977 2629 2937 2649 2924 2655 2924 2649 2884 2616 2884 2609 2877 2609 2871 2609 2698 2596 2691 2596 1681 2602 1116 2602 591 2563 591 2735"/></Shape>
	    <String CONTENT="Ce long deüil que Titus impoſoit à ſa Cour,"
                    HPOS="584"
                    VPOS="2563"
                    WIDTH="2779"
                    HEIGHT="305"></String>
          </TextLine>
          <TextLine ID="tl_14"
                    TAGREFS="LT204"
                    BASELINE="576 2903 683 2903 946 2930 1396 2922 1606 2932 2000 2932 2595 2956 2839 2962 3351 2998" 
                    HPOS="564"
                    VPOS="2748"
                    WIDTH="2785"
                    HEIGHT="279">
            <Shape><Polygon POINTS="3163 2808 3097 2808 3077 2802 2811 2828 2744 2795 2698 2795 2631 2795 2406 2815 2386 2815 2366 2815 2199 2782 2166 2782 2100 2782 2040 2775 1841 2795 1807 2795 1801 2795 1761 2762 1701 2762 1621 2788 1601 2788 1555 2782 1422 2762 1369 2768 1302 2775 1236 2782 1169 2788 1103 2795 1036 2788 970 2775 903 2762 837 2748 571 2748 571 2901 564 2928 3336 3027 3349 2994 3349 2848 3176 2808 3163 2808"/></Shape>
	    <String CONTENT="Avoit meſme en ſecret ſuſpendu ſon amour."
                    HPOS="564"
                    VPOS="2748"
                    WIDTH="2785"
                    HEIGHT="279"></String>
          </TextLine>
          <TextLine ID="tl_15"
                    TAGREFS="LT204"
                    BASELINE="576 3062 1161 3082 1456 3088 1791 3097 2101 3149 2459 3112 2921 3129 3371 3150" 
                    HPOS="564"
                    VPOS="2908"
                    WIDTH="2805"
                    HEIGHT="285">
            <Shape><Polygon POINTS="3289 2994 3223 2987 3157 2987 3137 2981 2964 2994 2931 2968 2891 2968 2871 2961 2771 2987 2751 2961 2744 2961 2691 2961 2625 2961 2605 2954 2306 2974 1289 2928 1236 2928 1169 2928 1103 2928 1036 2928 970 2928 903 2928 837 2921 770 2914 704 2908 638 2908 571 2908 571 3061 564 3087 3356 3193 3369 3147 3363 2974 3296 2974 3289 2994"/></Shape>
	    <String CONTENT="Il n’avoit plus pour moy cette ardeur aſſiduë"
                    HPOS="564"
                    VPOS="2908"
                    WIDTH="2805"
                    HEIGHT="285"></String>
          </TextLine>
          <TextLine ID="tl_16"
                    TAGREFS="LT204"
                    BASELINE="575 3233 867 3232 1196 3247 1637 3253 1833 3258 2251 3305 2746 3284 2966 3294 3232 3305 3631 3329" 
                    HPOS="564"
                    VPOS="3067"
                    WIDTH="3064"
                    HEIGHT="292">
            <Shape><Polygon POINTS="3356 3147 3223 3147 3196 3140 2957 3153 2904 3127 2764 3127 2698 3120 2631 3120 2565 3114 2379 3114 2366 3120 2100 3147 2033 3140 1874 3107 1814 3120 1674 3094 1528 3094 1522 3100 1508 3094 1435 3087 1302 3087 1209 3100 1176 3087 1103 3080 977 3080 890 3094 770 3074 704 3067 571 3067 571 3227 564 3266 3615 3359 3628 3326 3622 3127 3356 3134 3356 3147"/></Shape>
	    <String CONTENT="Lors qu’il paſſoit les jours, attaché ſur ma veuë."
                    HPOS="564"
                    VPOS="3067"
                    WIDTH="3064"
                    HEIGHT="292"></String>
          </TextLine>
          <TextLine ID="tl_17"
                    TAGREFS="LT204"
                    BASELINE="575 3402 988 3433 1472 3412 1687 3418 2087 3461 2245 3441 2428 3440 2880 3456 3132 3460 3501 3506" 
                    HPOS="564"
                    VPOS="3233"
                    WIDTH="2932"
                    HEIGHT="319">
            <Shape><Polygon POINTS="2558 3293 2452 3293 2406 3313 2392 3306 2379 3293 2359 3300 2246 3300 2226 3306 2193 3300 2173 3293 2033 3280 2020 3273 1940 3286 1847 3293 1827 3280 1801 3253 1767 3253 1674 3286 1601 3253 1455 3253 1176 3266 1156 3246 1103 3246 1076 3240 1063 3246 996 3260 651 3233 571 3233 571 3399 564 3439 1382 3472 1395 3472 1488 3439 1674 3485 2485 3479 3482 3552 3496 3505 3496 3353 3263 3313 2951 3333 2884 3333 2811 3326 2572 3286 2558 3293"/></Shape>
	    <String CONTENT="Müet, chargé de ſoins, &amp; les larmes aux yeux,"
                    HPOS="564"
                    VPOS="3233"
                    WIDTH="2932"
                    HEIGHT="319"></String>
          </TextLine>
          <TextLine ID="tl_18"
                    TAGREFS="LT204"
                    BASELINE="573 3558 696 3564 905 3563 1145 3574 1611 3584 1884 3589 2128 3600 2320 3605 2724 3615 3226 3641" 
                    HPOS="564"
                    VPOS="3406"
                    WIDTH="2659"
                    HEIGHT="285">
            <Shape><Polygon POINTS="2100 3459 2033 3459 1967 3452 1940 3446 1229 3419 1169 3426 1103 3426 1036 3432 970 3432 903 3432 837 3426 770 3419 704 3412 638 3406 571 3406 571 3552 564 3585 3210 3691 3223 3638 3223 3499 2133 3452 2100 3459"/></Shape>
	    <String CONTENT="Il ne me laiſſoit plus que de triſtes Adieux."
                    HPOS="564"
                    VPOS="3406"
                    WIDTH="2659"
                    HEIGHT="285"></String>
          </TextLine>
          <TextLine ID="tl_19"
                    TAGREFS="LT204"
                    BASELINE="569 3767 942 3730 1158 3740 1414 3745 1982 3792 2294 3812 2626 3777 3143 3793 3740 3835" 
                    HPOS="558"
                    VPOS="3559"
                    WIDTH="3177"
                    HEIGHT="312">
            <Shape><Polygon POINTS="3017 3632 2951 3625 2904 3625 2824 3638 2798 3645 2771 3638 2691 3612 2685 3612 2625 3612 2538 3632 2492 3638 2459 3625 2406 3605 2359 3605 2306 3605 2160 3618 2020 3625 704 3565 697 3565 691 3559 564 3559 564 3764 558 3784 1714 3784 2379 3837 2452 3837 2459 3837 2479 3837 2651 3811 3721 3871 3735 3831 3735 3678 3522 3632 3515 3632 3289 3658 3276 3658 3243 3658 3044 3632 3017 3632"/></Shape>
	    <String CONTENT="Jugez de ma douleur, moy dont l&#x27;ardeur extréme,"
                    HPOS="558"
                    VPOS="3559"
                    WIDTH="3177"
                    HEIGHT="312"></String>
          </TextLine>
          <TextLine ID="tl_20"
                    TAGREFS="LT204"
                    BASELINE="583 3937 730 3891 1034 3901 1272 3949 1470 3906 1750 3916 2076 3958 2541 3937 2931 3991 3890 4005" 
                    HPOS="571"
                    VPOS="3751"
                    WIDTH="3317"
                    HEIGHT="272">
            <Shape><Polygon POINTS="3675 3831 3609 3824 3542 3824 3476 3817 3429 3811 3396 3817 3044 3791 3010 3791 2944 3784 2884 3784 2818 3784 2751 3778 2711 3778 2545 3798 2512 3784 2485 3791 2419 3798 2352 3804 2286 3811 2219 3811 2153 3804 2086 3804 2020 3798 1954 3791 1887 3784 1821 3784 1761 3778 1694 3771 1628 3764 1561 3758 1502 3758 1495 3758 1488 3751 691 3751 644 3758 578 3764 578 3930 571 3950 3874 4023 3888 4003 3881 3798 3708 3824 3675 3804 3675 3831"/></Shape>
	    <String CONTENT="Je vous l&#x27;ay dit cent fois, n’aime en luy que luy-même,"
                    HPOS="571"
                    VPOS="3751"
                    WIDTH="3317"
                    HEIGHT="272"></String>
          </TextLine>
          <TextLine ID="tl_21"
                    TAGREFS="LT204"
                    BASELINE="576 4061 878 4099 1108 4067 1387 4072 1613 4076 2329 4129 2661 4104 2796 4098 2986 4113 3447 4129 3523 4165" 
                    HPOS="564"
                    VPOS="3897"
                    WIDTH="2958"
                    HEIGHT="319">
            <Shape><Polygon POINTS="3356 3997 2957 3997 2758 3970 2658 3950 2605 3983 2439 3937 2412 3937 2319 3977 2299 3977 2173 3950 2160 3957 2027 3957 1967 3944 1900 3937 1874 3930 1674 3950 1648 3950 1508 3910 1435 3910 1382 3917 1342 3937 1335 3937 1322 3930 1302 3944 1236 3944 1036 3904 970 3897 644 3904 638 3910 571 3930 571 4057 564 4096 1249 4096 1595 4143 1641 4143 1767 4110 1927 4156 1960 4156 2093 4123 2246 4169 2279 4169 2339 4136 2631 4169 2645 4169 2731 4143 3509 4216 3522 4163 3522 4023 3369 3997 3356 3997"/></Shape>
	    <String CONTENT="Moy qui loin des grandeurs, dont il eſt reveſtu,"
                    HPOS="564"
                    VPOS="3897"
                    WIDTH="2958"
                    HEIGHT="319"></String>
          </TextLine>
          <TextLine ID="tl_22"
                    TAGREFS="LT204"
                    BASELINE="581 4224 989 4232 1384 4238 1637 4243 1999 4252 2077 4285 2223 4262 2736 4274 2870 4280 3285 4311" 
                    HPOS="571"
                    VPOS="4070"
                    WIDTH="2712"
                    HEIGHT="272">
            <Shape><Polygon POINTS="3230 4123 3070 4150 3030 4116 2990 4110 2931 4136 2744 4103 2685 4103 2658 4130 2631 4103 2631 4110 2565 4110 2499 4116 2439 4116 2399 4130 2366 4123 2299 4123 2233 4116 2166 4116 2040 4103 1954 4116 1920 4096 1841 4090 1807 4083 1575 4103 1548 4090 1528 4076 1442 4076 1375 4070 1109 4070 977 4083 910 4096 844 4096 777 4090 691 4070 578 4070 578 4223 571 4256 837 4309 1415 4322 1482 4289 1488 4282 1488 4289 1522 4316 1522 4322 1548 4322 1708 4276 2040 4322 2053 4322 2086 4309 2120 4289 2180 4335 2206 4335 2279 4316 2339 4296 2412 4316 2445 4329 3270 4342 3283 4309 3276 4123 3230 4123"/></Shape>
	    <String CONTENT="Aurois choiſi ſon cœur, &amp; cherché ſa vertu."
                    HPOS="571"
                    VPOS="4070"
                    WIDTH="2712"
                    HEIGHT="272"></String>
          </TextLine>
          <TextLine ID="tl_23"
                    TAGREFS="LT204"
                    BASELINE="1537 4409 1641 4409 2345 4436 2519 4436 2858 4459" 
                    HPOS="1528"
                    VPOS="4249"
                    WIDTH="1329"
                    HEIGHT="246">
            <Shape><Polygon POINTS="2133 4276 2067 4282 2027 4262 1535 4249 1535 4408 1528 4448 2844 4495 2857 4455 2857 4296 2153 4269 2133 4276"/></Shape>
	    <String CONTENT="ANTIOCHUS."
                    HPOS="1528"
                    VPOS="4249"
                    WIDTH="1329"
                    HEIGHT="246"></String>
          </TextLine>
          <TextLine ID="tl_24"
                    TAGREFS="LT204"
                    BASELINE="579 4543 700 4554 826 4559 1210 4564 1536 4570 1858 4581 2009 4581 2321 4591 2600 4595 3186 4616 3270 4622" 
                    HPOS="571"
                    VPOS="4362"
                    WIDTH="2692"
                    HEIGHT="305">
            <Shape><Polygon POINTS="2572 4442 2505 4442 2452 4442 2432 4448 2412 4442 2372 4442 2306 4435 2239 4435 2199 4435 2186 4442 2047 4428 2040 4428 1973 4422 1907 4422 1841 4422 1774 4415 1708 4415 1641 4415 1575 4415 1568 4408 1422 4422 1203 4375 1176 4375 1169 4375 1123 4375 751 4402 584 4362 578 4541 571 4608 1654 4608 1714 4634 1728 4641 1734 4641 1741 4641 1748 4641 1761 4641 1860 4608 3250 4667 3263 4621 3256 4442 3030 4468 2598 4462 2585 4442 2572 4442"/></Shape>
	    <String CONTENT="Il a repris pour vous ſa tendreſſe premiere?"
                    HPOS="571"
                    VPOS="4362"
                    WIDTH="2692"
                    HEIGHT="305"></String>
          </TextLine>
          <TextLine ID="tl_25"
                    TAGREFS="LT204"
                    BASELINE="1634 4741 2712 4762" 
                    HPOS="1621"
                    VPOS="4574"
                    WIDTH="1090"
                    HEIGHT="226">
            <Shape><Polygon POINTS="1628 4740 1621 4774 2698 4800 2711 4760 2705 4608 1628 4574 1628 4740"/></Shape>
	    <String CONTENT="BERENICE."
                    HPOS="1621"
                    VPOS="4574"
                    WIDTH="1090"
                    HEIGHT="226"></String>
          </TextLine>
          <TextLine ID="tl_26"
                    TAGREFS="LT204"
                    BASELINE="580 4880 900 4880 1294 4892 1925 4907 2129 4912 2471 4927 2739 4926 3352 4975" 
                    HPOS="571"
                    VPOS="4681"
                    WIDTH="2778"
                    HEIGHT="312">
            <Shape><Polygon POINTS="2505 4760 2439 4760 2379 4760 2352 4787 2312 4754 2306 4754 2253 4754 2199 4780 1734 4767 1681 4747 1641 4747 1635 4727 1561 4701 1555 4701 1375 4694 1369 4694 1362 4694 1355 4694 1355 4701 1322 4721 1302 4740 1209 4721 1003 4681 996 4681 990 4681 983 4681 930 4714 917 4721 584 4707 578 4873 571 4893 3336 4993 3349 4973 3343 4780 2638 4780 2538 4760 2505 4760"/></Shape>
	    <String CONTENT="Vous fuſtes ſpectateur de cette nuit derniere,"
                    HPOS="571"
                    VPOS="4681"
                    WIDTH="2778"
                    HEIGHT="312"></String>
          </TextLine>
          <TextLine ID="tl_27"
                    TAGREFS="LT204"
                    BASELINE="576 5037 863 5041 1190 5087 1531 5062 2107 5078 2305 5087 2663 5088 3237 5104 3315 5134" 
                    HPOS="564"
                    VPOS="4873"
                    WIDTH="2745"
                    HEIGHT="279">
            <Shape><Polygon POINTS="3289 4973 3230 4966 2585 4926 2558 4926 2492 4926 2425 4926 2359 4926 2293 4920 2226 4913 2160 4926 2080 4940 2047 4920 2033 4913 2027 4913 1960 4913 1954 4906 1940 4920 1880 4933 1774 4913 1728 4900 1694 4900 1641 4900 1615 4906 1508 4926 711 4913 604 4873 571 4873 571 5033 564 5066 943 5112 3296 5152 3309 5132 3309 4973 3289 4973"/></Shape>
	    <String CONTENT="Lors que, pour ſeconder les ſoins religieux,"
                    HPOS="564"
                    VPOS="4873"
                    WIDTH="2745"
                    HEIGHT="279"></String>
          </TextLine>
          <TextLine ID="tl_28"
                    TAGREFS="LT204"
                    BASELINE="575 5203 733 5203 1153 5212 1273 5218 1632 5227 1911 5234 2252 5248 2640 5254 2854 5263 3329 5290" 
                    HPOS="564"
                    VPOS="5039"
                    WIDTH="2759"
                    HEIGHT="292">
            <Shape><Polygon POINTS="3296 5132 3263 5112 1309 5072 1302 5079 1236 5086 1169 5086 1103 5079 1070 5072 684 5066 611 5039 571 5039 571 5199 564 5252 1169 5245 1269 5278 1282 5285 1289 5285 1296 5285 1455 5285 2047 5278 2080 5305 2086 5311 2093 5311 2100 5311 2106 5311 2160 5305 2293 5278 3309 5331 3323 5285 3323 5119 3296 5112 3296 5132"/></Shape>
	    <String CONTENT="Le Sénat a placé ſon Pere entre les Dieux."
                    HPOS="564"
                    VPOS="5039"
                    WIDTH="2759"
                    HEIGHT="292"></String>
          </TextLine>
          <TextLine ID="tl_29"
                    TAGREFS="LT204"
                    BASELINE="579 5374 775 5372 957 5373 1283 5384 1708 5399 1864 5399 2237 5409 2818 5425" 
                    HPOS="571"
                    VPOS="5212"
                    WIDTH="2240"
                    HEIGHT="246">
            <Shape><Polygon POINTS="578 5371 571 5418 704 5398 910 5431 963 5438 2798 5458 2811 5424 2811 5278 578 5212 578 5371"/></Shape>
	    <String CONTENT="De ce juſte devoir ſa pieté contente"
                    HPOS="571"
                    VPOS="5212"
                    WIDTH="2240"
                    HEIGHT="246"></String>
          </TextLine>
          <TextLine ID="tl_30"
                    TAGREFS="LT204"
                    BASELINE="574 5536 689 5536 933 5535 1365 5584 1988 5567 2077 5591 2270 5576 2544 5581 2730 5584 2953 5590 3542 5626" 
                    HPOS="564"
                    VPOS="5371"
                    WIDTH="2971"
                    HEIGHT="279">
            <Shape><Polygon POINTS="2758 5424 2731 5424 2558 5438 2518 5438 2505 5438 2459 5418 2425 5418 2359 5411 2293 5411 2279 5404 2160 5424 2133 5424 990 5398 963 5385 937 5378 903 5378 837 5378 770 5378 704 5378 638 5378 598 5371 571 5371 571 5531 564 5584 3522 5650 3535 5624 3535 5471 3343 5424 3336 5424 2990 5451 2964 5451 2924 5418 2924 5411 2917 5411 2911 5411 2904 5411 2758 5418 2758 5424"/></Shape>
	    <String CONTENT="A fait place, Seigneur, au ſoin de ſon Amante."
                    HPOS="564"
                    VPOS="5371"
                    WIDTH="2971"
                    HEIGHT="279"></String>
          </TextLine>
          <TextLine ID="tl_31"
                    TAGREFS="LT204"
                    BASELINE="582 5712 730 5705 1200 5710 1382 5721 1544 5721 2174 5772 2465 5745 2778 5752 3119 5761 3315 5762 3660 5777 3750 5815" 
                    HPOS="571"
                    VPOS="5544"
                    WIDTH="3177"
                    HEIGHT="285">
            <Shape><Polygon POINTS="3502 5624 3436 5617 3369 5617 3303 5610 3236 5604 3170 5604 3103 5597 3050 5590 3010 5590 2970 5590 2944 5584 2838 5584 2838 5584 2771 5584 2705 5584 2638 5584 2572 5584 2545 5577 2160 5597 2120 5597 2100 5597 1967 5570 1907 5570 1841 5570 1827 5570 1761 5584 1748 5584 1548 5577 1508 5577 1442 5577 1375 5577 1309 5577 1242 5570 1183 5564 578 5544 578 5710 571 5736 3735 5829 3748 5809 3748 5643 3695 5617 3688 5617 3502 5604 3502 5624"/></Shape>
	    <String CONTENT="Et meſme en ce moment, ſans qu’il m’en ait parlé,"
                    HPOS="571"
                    VPOS="5544"
                    WIDTH="3177"
                    HEIGHT="285"></String>
          </TextLine>
          <TextLine ID="tl_32"
                    TAGREFS="LT204"
                    BASELINE="584 5871 701 5871 937 5865 1277 5876 1439 5886 1837 5891 2101 5902 2363 5909 2739 5913 3351 5949" 
                    HPOS="571"
                    VPOS="5710"
                    WIDTH="2778"
                    HEIGHT="265">
            <Shape><Polygon POINTS="2372 5756 2306 5763 2239 5770 2173 5770 2106 5770 2040 5763 1973 5756 1907 5750 1841 5743 1774 5736 1708 5736 1641 5730 1635 5723 1428 5723 1375 5723 1349 5717 1003 5710 977 5710 910 5710 844 5710 777 5710 711 5710 644 5710 578 5710 578 5869 571 5902 3336 5975 3349 5942 3349 5783 2399 5750 2372 5756"/></Shape>
	    <String CONTENT="Il eſt dans le Senat par ſon ordre aſſemblé."
                    HPOS="571"
                    VPOS="5710"
                    WIDTH="2778"
                    HEIGHT="265"></String>
          </TextLine>
          <TextLine ID="tl_33"
                    TAGREFS="LT204"
                    BASELINE="569 6030 740 6032 937 6037 1081 6039 1671 6056 1788 6057 2188 6068 2347 6068 2989 6115" 
                    HPOS="558"
                    VPOS="5869"
                    WIDTH="2426"
                    HEIGHT="292">
            <Shape><Polygon POINTS="631 5876 571 5869 564 5869 564 6029 558 6062 1914 6122 1920 6122 1934 6122 2060 6095 2970 6161 2984 6108 2984 5929 671 5869 631 5876"/></Shape>
	    <String CONTENT="Là de la Paleſtine il étend la frontiere,"
                    HPOS="558"
                    VPOS="5869"
                    WIDTH="2426"
                    HEIGHT="292"></String>
          </TextLine>
          <TextLine ID="tl_34"
                    TAGREFS="LT204"
                    BASELINE="573 6197 694 6196 815 6240 1155 6209 1642 6218 1921 6229 2122 6234 2490 6240 3025 6264" 
                    HPOS="564"
                    VPOS="6035"
                    WIDTH="2460"
                    HEIGHT="266">
            <Shape><Polygon POINTS="2957 6108 2891 6102 2824 6102 2758 6095 2725 6088 1794 6062 1761 6062 1694 6062 1641 6055 1588 6055 1561 6055 1495 6055 1442 6049 1389 6049 1362 6049 1296 6049 1249 6042 1183 6042 1163 6042 1096 6042 1030 6042 963 6042 897 6035 830 6035 764 6035 704 6035 638 6035 571 6035 571 6195 564 6234 3010 6301 3024 6261 3024 6102 2957 6095 2957 6108"/></Shape>
	    <String CONTENT="Il y joint l’Arabie, &amp; la Syrie entiere."
                    HPOS="564"
                    VPOS="6035"
                    WIDTH="2460"
                    HEIGHT="266"></String>
          </TextLine>
          <TextLine ID="tl_35"
                    TAGREFS="LT204"
                    BASELINE="576 6364 723 6357 848 6363 1054 6374 1268 6374 1662 6384 1946 6396 2252 6400 2678 6409 2844 6412 3221 6442" 
                    HPOS="564"
                    VPOS="6201"
                    WIDTH="2652"
                    HEIGHT="279">
            <Shape><Polygon POINTS="2964 6261 2897 6261 2831 6254 2764 6254 2698 6248 2631 6248 2565 6241 2552 6241 2499 6241 2479 6234 2219 6234 2166 6234 2100 6234 2033 6234 1967 6234 1900 6228 1887 6228 1834 6228 1814 6221 1222 6215 1169 6215 1103 6215 1036 6221 970 6228 903 6228 837 6234 770 6228 711 6201 571 6201 571 6361 564 6394 3203 6480 3216 6440 3216 6254 2964 6248 2964 6261"/></Shape>
	    <String CONTENT="Et ſi de ſes Amis j’en dois croire la voix,"
                    HPOS="564"
                    VPOS="6201"
                    WIDTH="2652"
                    HEIGHT="279"></String>
          </TextLine>
          <TextLine ID="tl_36"
                    TAGREFS="LT204"
                    BASELINE="570 6530 709 6525 994 6539 1314 6551 1518 6554 2036 6566 2694 6580 3065 6592 3424 6617" 
                    HPOS="558"
                    VPOS="6367"
                    WIDTH="2864"
                    HEIGHT="372">
            <Shape><Polygon POINTS="3157 6440 3117 6434 3097 6447 3090 6447 3037 6427 2917 6414 2811 6440 2784 6440 2731 6414 2691 6414 2625 6407 2412 6427 2359 6427 2319 6400 2053 6400 1847 6414 1787 6407 1694 6387 1628 6381 1541 6381 1475 6400 1448 6374 1096 6374 1030 6367 564 6367 564 6527 558 6593 657 6639 1349 6600 1714 6666 1734 6666 1761 6639 1807 6613 2180 6620 2286 6713 3070 6732 3137 6679 3183 6706 3250 6739 3263 6739 3416 6713 3422 6613 3416 6460 3190 6414 3176 6414 3157 6420 3157 6440"/></Shape>
	    <String CONTENT="Si j’en crois ſes ſermons redoublez mille fois,"
                    HPOS="558"
                    VPOS="6367"
                    WIDTH="2864"
                    HEIGHT="372"></String>
          </TextLine>
        </TextBlock>
        <TextBlock HPOS="3680.0"
                   VPOS="7252.0"
                   WIDTH="156.0"
                   HEIGHT="191.0"
                   ID="eSc_textblock_1fa61d84"
                   TAGREFS="BT310">
          <Shape><Polygon POINTS="3680 7252 3680 7443 3836 7443 3836 7252"/></Shape>
        </TextBlock>
        <TextBlock HPOS="60.0"
                   VPOS="2973.0"
                   WIDTH="180.0"
                   HEIGHT="1582.0"
                   ID="eSc_textblock_21934ac5"
                   TAGREFS="BT310">
          <Shape><Polygon POINTS="60 2973 60 4555 240 4555 240 2973"/></Shape>
        </TextBlock>
      </PrintSpace>
    </Page>
  </Layout>
</alto>
