4267 7886
637 854 3307 210 veut que cette premiere des quatre parties de

637 998 3301 250 la Tragédie ſoit toûjours la plus proche de la

637 1196 3301 249 derniere, qui eſt la Cataſtrophe. Il ſe plaint

644 1393 3294 249 que la trop grande connoiſſance des Regles

637 1583 3307 276 l'empeſche de ſe divertir à la Comedie, Cer¬

644 1780 3300 276 tainement ſi l'on en juge par ſa Diſſertation, il

644 1984 3307 243 n’y eut jamais de plainte plus mal fondée. Il

644 2175 3313 276 paroît bien qu’il n’a jamais lû Sophocle, qu’il

650 2378 3301 230 loüe tres-injuſtement d'une grande multiplici¬

664 2569 3293 283 té d'incidens, & qu'il n’a meſme jamais rien

657 2760 3300 282 lû de la Poëtique, que dans quelques Préfa¬

657 2963 3300 263 faces de Tragédies. Mais je luy pardonne de

657 3160 3307 276 ne pas ſçavoir les Regles du Theatre, puis

670 3371 3294 263 qu’heureuſement pour le Public, il ne s’appli¬

677 3561 3287 276 que pas à ce genre d’écrire. Ce que je ne luy

670 3745 3307 296 pardonne pas, c’eſt de ſçavoir ſi peu les Regles

677 3956 3287 276 de la bonne plaiſanterie, luy qui ne veut pas

683 4146 3274 237 dire un mot ſans plaiſanter. Croit-il réjoüir

677 4337 3287 289 beaucoup les honneſtes Gens par ces Helas de

670 4534 3294 283 poche, ces Meſdemoiſelles mes Regles, & quan¬

690 4751 3274 250 tité d’autres baſſes affectations qu’il trouvera

690 4941 3281 230 condamnées dans tous les bons Auteurs, s’il

703 5152 1670 249 ſe meſle jamais de lire?

887 5336 3077 256 Toutes ces Critiques ſont le partage de

696 5520 3275 276 quatre ou cinq petits Auteurs infortunez, qui

696 5723 3275 244 n’ont jamais pû par eux-meſmes exciter la cu¬

696 5921 3281 249 rioſité du Public. Ils attendent toûjours l'oc¬

696 6118 3281 348 caſion de quelque Ouvrage qui reüſſiſſe, pour

1551 578 1315 276 PREFACE.
