4267 7934
330 793 2732 178 Il va ſur tant d'Eſtats couronner Berenice,

330 899 3202 238 Pour joindre à plus de noms le nom d’Imperatrice,

337 1064 2864 231 Il m'en viendra luy-meſme aſſurer en ce lieu.

1263 1236 1317 245 ANTIOCHUS.

344 1401 2838 225 Et je viens donc vous dire un éternel adieu.

1462 1573 1104 212 BERENICE.

344 1692 3294 278 Que dites-vous! Ah Ciel! Quel adieu? Quel langage?

350 1897 3142 271 Prince, vous vous troublez, & changez de viſage?

1389 2076 1290 224 ANTIOCHUS.

363 2201 1542 245 Madame, il faut partir.

1395 2320 1072 298 BERENICE.

1713 2519 1614 304 Quoy? ne puis-je ſçavoir

363 2664 834 350 Quel ſujet....

1283 2796 1330 298 ANTIOCHUS.

1389 2968 1865 324 Il falloit partir ſans la revoir.

1422 3200 1131 224 BERENICE.

363 3259 3301 423 Que craignez-vous? Parlez, c'eſt trop long-temps ſe

774 3543 317 212 taire.

370 3603 3116 383 Seigneur, de ce départ quel eſt donc le myſtere?

1362 3867 1310 225 ANTIOCHUS.

363 3947 3110 310 Au moins, ſouvenez-vous que je cede à vos lois,

377 4178 2824 218 Et que vous m’écoutez pour la derniere fois.

502 4324 3030 244 Si dans ce haut degré de gloire & de puiſſance,

370 4489 3222 231 Il vous ſouvient des lieux où vous priſtes naiſſance,

363 4661 3321 251 Madame, il vous ſouvient que mon cœur en ces lieux

370 4833 2838 211 Receût le premier trait qui partit de vos yeux.

363 4985 3030 244 J’aimay, j'obtins l'aveu d'Agrippa voſtre Frere.

363 5157 2984 257 Il vous parla pour moy. Peut-eſtre ſans colere

363 5322 2759 205 Alliez-vous de mon cœur recevoir le tribut,

363 5461 3321 238 Titus, pour mon malheur, vint, vous vit, & vous plût.

370 5646 3182 251 Il parut devant vous dans tout l’éclat d'un Homme

370 5805 3089 264 Qui porte entre ſes mains la vengeance de Rome.

377 5983 2520 231 La Judée en pâlit. La triſte Antiochus

370 6135 2785 251 Se conta le premier au nombre des vaincus.

383 6300 2772 212 Bientoſt de mon malheur interprete ſevere,

383 6452 2937 371 Voſtre bouche à la mienne ordonna de ſe taire.

1342 436 1330 284 TRAGEDIE.

3492 555 134 225 9
