4267 8051
228 784 3232 235 Ouvrez les yeux, Seigneur, & ſongeons entre nous

221 912 2735 235 Par combien de raiſons Berenice eſt à vous.

228 1080 3266 234 Puis qu'aujourd’huy Titus ne prétend plus luy plaire,

221 1254 3091 282 Songez que voſtre hymen luy devient neceſſaire.

1229 1415 1304 282 ANTIOCHUS.

228 1603 753 195 Neceſſaire!

1478 1730 847 242 ARSACE.

839 1878 2386 262 A ſes pleurs accordez quelques jours.

248 2079 2903 242 De ſes premiers ſanglots laiſſez paſſer le cours.

248 2240 3017 222 Tout parlera pour vous, le dépit, la vangeance,

255 2422 2923 207 L’abſence de Titus, le temps, voſtre préſence,

255 2556 3252 228 Trois Sceptres, que ſon bras ne peut ſeul ſoutenir,

255 2737 3037 221 Vos deux Eſtats voiſins, qui cherchent à s’unir.

248 2911 2782 242 L'intereſt, la raiſon, l'amitié, tout vous lie.

1175 3086 1324 248 ANTIOCHUS.

255 3240 2735 235 Ah, je reſpire Arſace, & tu me rens la vie.

241 3401 2648 282 J'accepte avec plaiſir un préſage ſi doux.

255 3482 3353 335 Que tardons-nous? Faiſons-ce qu'on attend de nous.

248 3777 3360 194 Entrons chez Berenice; & puis qu’on nous l'ordonne,

255 3938 2755 228 Allons luy déclarer que Titus l'abandonne.

262 4079 3346 214 Mais plutoſt demeurons. Que faiſois-je? Eſt-ce à moy,

262 4273 2600 202 Arſace, à me charger de ce cruel employ?

262 4407 3198 249 Soit vertu ſoit amour, mon cœur s'en effarouche.

262 4609 2889 201 L'aimable Berenice entendroit de ma bouche,

275 4709 3353 282 Qu’on l'abandonne. Ah Reyne! Et qui l’auroit penſé

275 4911 3024 295 Que ce mot duſt jamais vous eſtre prononcé?

1532 5085 947 242 ARSACE.

268 5233 2628 234 La haine ſur Titus tombera toute entiere,

268 5421 3044 254 Seigneur, ſi vous parlez, ce n'eſt qu'à ſa priere.

1216 5602 1324 214 ANTIOCHUS.

275 5709 3205 288 Non, ne la voyons point. Reſpectons ſa douleur.

288 5910 3024 222 Aſſez d’autres viendront luy conter ſon malheur.

295 6085 2271 235 Et ne la crois-tu pas aſſez infortunée

302 6252 2997 242 D’apprendre à quel mépris Titus l’a condannée,

295 6420 2560 248 Sans luy donner encor le déplaiſir fatal

295 6588 2930 309 D'apprendre ce mépris par ſon propre Rival?

1222 469 1405 295 TRAGEDIE.

3413 530 182 241 35
