4267 7783
1448 551 1357 259 PREFACE.

558 804 3202 233 que je n'ay point pouſſé Berenice juſqu’à ſe

552 985 3208 214 tüer comme Didon, parce que Berenice n’ayant

552 1147 3214 279 pas icy avec Titus les derniers engagemens que

558 1355 3208 214 Didon avoit avec Enée, elle n’eſt pas obligée

545 1550 3228 240 comme elle de renoncer à la vie. A cela prés,

552 1731 3227 247 le dernier Adieu qu’elle dit à Titus, & l'effort

552 1926 3227 292 qu’elle ſe fait pour s’en ſeparer, n’eſt pas le

565 2120 3214 240 moins tragique de la Piece, & j'oſe dire qu’il

558 2315 3215 246 renouvelle aſſez bien dans le cœur des Specta¬

565 2503 3201 272 teurs l'émotion que le reſte y avoit pû exciter.

571 2737 3215 214 Ce n’eſt point une neceſſité qu’il y ait du ſang &

571 2918 3221 227 des morts dans une Tragédie; il ſuffit que l’A¬

578 3080 3214 253 ction en ſoit grande, que les Acteurs en ſoient

571 3288 3221 246 heroïques, que les Paſſions y ſoient excitées,

571 3476 3221 298 & que tout s’y reſſente de cette triſteſſe maje¬

571 3651 3033 266 ſtueuſe qui fait tout le plaiſir de la Tragédie.

727 3839 3078 292 Je crûs que je pourrois rencontrer toutes

584 4053 3221 266 ces parties dans mon ſujet. Mais ce qui m'en

591 4248 3221 272 plût davantage, c’eſt que je le trouvay extré¬

584 4429 3228 299 mement ſimple. Il y avoit long temps que je

584 4637 3228 240 voulois eſſayer ſi je pourrois faire une Tragé¬

578 4818 3240 260 die avec cette ſimplicité d’action qui a eſté ſi

584 5020 3241 265 fort du gouſt des Anciens. Car c’eſt un des pre¬

591 5208 3240 272 „ miers préceptes qu’ils nous ont laiſſez. Que

597 5409 3221 259 „ ce que vous ferez, dit Horace, ſoit toûjours

591 5603 3240 253 „ ſimple, & ne ſoit qu'un. Ils ont admiré

604 5798 3227 233 l'Ajax de Sophocle, qui n’eſt autre choſe qu’A¬

604 5973 3227 344 jax qui ſe tuë de regret, à cauſe de la fureur
