4267 7761
1301 485 1366 265 TRAGEDIE.

3502 601 130 136 7

1392 782 1249 194 ANTIOCHUS.

984 892 2447 239 Sur ſon hymen j’attens qu’elle s’explique.

407 1080 2772 200 Si ſa bouche s’accorde avec la voix publique,

407 1228 2921 214 S’il eſt vray qu'on l’éleve au trône des Céſars,

414 1409 2370 188 Si Titus a parlé, s’il l’épouſe, je pars.

1644 1591 803 206 ARSACE.

427 1668 2836 291 Mais qui rend à vos yeux cet hymen ſi funeſte?

1385 1901 1321 207 ANTIOCHUS.

440 2017 2823 291 Quand nous ſerons partis, je te diray le reſte.

1677 2218 822 194 ARSACE.

440 2302 3121 278 Dans quel trouble, Seigneur, jettez-vous mon eſprit!

1437 2535 1276 220 ANTIOCHUS.

446 2625 2901 317 La Reyne vient. Adieu, fai tout ce que j'ay dit.

1178 3576 1800 330 SCENE IV.

582 3925 3005 330 BERENICE, ANTIOCHUS,

1489 4203 1107 317 PHENICE.

1508 4462 1088 356 BERENICE.

738 4779 2454 207 Nfin je me dérobe à la joye importune

472 4721 259 401 E

770 4934 2888 227 De tant d’Amis nouveaux, que me fait la Fortune

472 5096 2532 213 Je fuis de leurs reſpects l’inutile longueur,

479 5251 2900 252 Pour chercher un Amy, qui me parle du cœur.

479 5406 2745 246 Il ne faut point mentir, ma juſte impatience

479 5574 2551 233 Vous accuſoit déja de quelque negligence.

485 5730 2823 200 Quoy cet Antiochus, diſois-je, dont les ſoins

492 5911 2764 213 Ont eû tout l’Orient & Rome pour témoins,

492 6040 3127 207 Luy que j’ay veû toujours conſtant dans mes traverſes

492 6208 2628 395 Suivre d’un pas égal mes fortunes diverſes;

2848 6441 318 278 A iij
