4267 8111
1176 446 1434 256 TRAGEDIE.

3394 564 176 206 25

196 784 2982 175 Pourquoy des Immortels atteſter la puiſſance?

202 905 2861 237 Faut-il par des ſermens vaincre ma défiance?

202 1034 3388 317 Mon cœur ne prétend point, Seigneur, vous dé¬

520 1250 534 216 mentir,

209 1405 2705 244 Et je vous en croiray ſur un ſimple ſoûpir.

1487 1574 676 237 TITUS.

223 1757 710 236 Madame....

1318 1899 1123 236 BERENICE.

371 2041 3226 263 Hé bien, Seigneur? Mais quoy ſans me répondre

216 2244 3286 229 Vous détournez les yeux & ſemblez vous confondre.

209 2413 2908 209 Ne m'offrirez-vous plus qu’un viſage interdit?

216 2602 3043 203 Toûjours la mort d'un Pere occupe voſtre eſprit?

223 2771 3225 216 Rien ne peut-il charmer l’ennuy qui vous devore?

1507 2933 683 203 TITUS.

236 3068 3320 257 Pluſt aux Dieux que mon Pere, helas, veſcuſt encore!

236 3278 1508 236 Que je vivois heureux!

1338 3426 1116 230 BERENICE.

1758 3589 1711 256 Seigneur, tous ces regrets

236 3744 2252 250 De voſtre pieté ſont de juſtes effets.

250 3933 2935 223 Mais vos pleurs ont aſſez honoré ſa Memoire,

243 4096 3280 263 Vous devez d’autres ſoins à Rome, à voſtre Gloire:

243 4271 2800 217 De mon propre intereſt je n’oſe vous parler.

250 4440 2569 223 Berenice autrefois pouvoit vous conſoler.

256 4602 2617 237 Avec plus de plaiſir vous m'avez écoutée.

236 4785 2962 216 De combien de malheurs pour vous perſecutée

229 4974 2746 196 Vous ay-je pour un mot ſacrifié mes pleurs!

229 5109 3091 257 Vous regrettez un Pere, Helas, foibles douleurs!

236 5292 2786 203 Et moy (ce ſouvenir me fait frémir encore)

229 5447 2820 271 On vouloit m’arracher de tout ce que j’adore,

243 5616 3374 237 Moy, dont vous connoiſſez le trouble & le tourment,

243 5806 3361 216 Quand vous ne me quittez que pour quelque moment,

250 5968 3361 216 Moy, qui mourrois le jour qu’on voudroit m’interdire

243 6137 744 223 De vous....

1535 6286 689 223 TITUS.

912 6448 2672 317 Madame, helas! que me venez-vous dire?

2833 6651 149 304 C

757 6705 750 223 Tome II.
