4267 7939
331 820 2935 231 Et ſans preſter l’oreille à la voix des Flatteurs,

331 965 3213 258 Je veux par voſtre bouche entendre tous les Cœurs.

331 1137 2942 212 Vous me l’avez promis. Le reſpect & la crainte

331 1290 2948 238 Ferment autour de moy le paſſage à la plainte.

324 1448 3280 298 Pour mieux voir, cher Paulin, & pour entendre mieux,

318 1634 2789 231 Je vous ay demandé des oreilles, des yeux.

318 1786 2908 238 J’ay mis meſme à ce prix mon amitié ſecrete,

318 1958 3160 258 J’ay voulu que des Cœurs vous fuſſiez l’Interprete,

324 2130 2637 192 Qu’au travers des Flatteurs voſtre ſincerité

318 2289 2623 211 Fiſt toûjours juſqu'à moy paſſer la Verité.

318 2434 2849 258 Parlez donc. Que faut-il que Berenice eſpere?

318 2606 2703 238 Rome luy ſera-t'elle indulgente, ou ſevere?

324 2772 2730 264 Dois-je croire qu’aſſiſe au Trône des Céſars

318 2930 2471 291 Une ſi belle Reyne offenſaſt ſes regards?

1537 3109 868 212 PAULIN.

318 3168 3293 371 N’en doutez point, Seigneur. Soit raiſon ou caprice,

318 3433 2928 245 Rome ne l’attend point pour ſon Imperatrice.

311 3592 3194 265 On ſçait qu’elle eſt charmante. Et de ſi belles mains

304 3757 3042 278 Semblent vous demander l’Empire des Humains.

318 3923 2961 258 Elle a meſme, dit-on, le cœur d’une Romaine.

311 4095 3233 271 Elle a mille vertus. Mais, Seigneur, elle eſt Reyne.

311 4253 2929 318 Rome, par une Loy, qui ne ſe peut changer,

311 4425 2875 252 N'admet avec ſon ſang aucun ſang étranger,

304 4578 2743 258 Et ne reconnoiſt point les fruits illégitimes,

304 4743 3181 245 Qui naiſſent d’un Hymen contraire à ſes maximes.

298 4915 3127 298 D’ailleurs, vous le ſçavez, en banniſſant ſes Rois,

304 5067 2936 291 Rome à ce nom ſi noble & ſi ſaint autrefois,

304 5246 2611 238 Attacha pour jamais une haine puiſſante;

304 5391 2624 272 Et quoy qu'à ſes Céſars fidelle, obeïſſante,

311 5577 2577 211 Cette haine, Seigneur, reſte de ſa fierté,

298 5702 2650 272 Survit dans tous les cœurs apres la liberté.

291 5901 2723 231 Jules, qui le premier la foûmit à ſes armes,

298 6079 2888 245 Qui fit taire les Lois dans le bruit des allarmes,

298 6225 2617 258 Brûla pour Cleopatre, & ſans ſe déclarer,

298 6384 2305 344 Seule dans l'Orient la laiſſa ſoupirer.

1331 562 1398 291 TRAGEDIE.

3418 628 193 232 17

1808 6622 716 251 Tome II.

2902 6582 132 265 B
