1028 1760
88 73 60 57 20

212 55 570 66 DOM GARCIE

303 129 394 52 SCENE II.

248 164 503 66 D. ALVAR, ELISE.

370 214 265 48 D. ALVAR.

152 239 677 61 Nfin, nous apprenons que le Roi de Navarre

160 284 750 62 Pour les deſirs du Prince, aujourd'hui ſe déclare;

98 328 737 56 Et qu’un nouveau renfort de troupes nous attend

96 369 720 51 Pour le fameux ſervice, où ſon amour pretend.

98 406 739 58 Je ſuis ſurpris pour moi, qu'avec tant de viteſſe,

99 448 419 58 On ait fait avancer. Mais...

287 484 451 76 SCENE III.

140 542 735 63 D. GARCIE, ELISE, D. ALVAR.

538 588 228 50 D. GARCIE.

508 626 308 57 Ue fait là la Princeſſe.

424 668 166 52 ELISE.

104 699 721 62 Quelques lettres, Seigneur, je le preſume ainſi;

105 750 567 56 Mais elle va ſçavoir que vous étes ici.

240 790 545 72 SCENE IV.

317 850 402 53 D. GARCIE ſeul.

140 890 771 56 ’Attendrai qu'elle ait fait. Prés de ſouffrir ſa veüe,

149 940 773 55 D'un trouble tout nouveau je me ſens l'ame émeüe

111 978 615 54 Et la crainte mélée à mon reſſentiment,

111 1009 762 69 Jette par tout mon corps un ſoudain tremblement.

113 1051 813 59 Prince, prends garde au moins, qu’on aveugle caprice

113 1094 633 55 Ne te conduiſe ici dans quelque precipice,

117 1136 640 54 Et que de ton eſprit les deſordres puiſſans,

117 1168 706 55 Ne donnent un peu plus au rapport de tes ſens.

120 1210 731 60 Conſulte ta raiſon, prends ſa clarté pour guide,

120 1248 692 60 Voi ſi de tes ſoupçons, l’apparence eſt ſolide;

121 1286 755 60 Ne dements pas leurs voix, mais auſſi garde bien

123 1334 719 53 Que pour les croire trop ils ne t'impoſent rien;

124 1358 805 74 Qu’à tes premiers tranſports ils n’oſent trop permettre,

124 1408 588 58 Et relis peſement cette moitié de lettre.

126 1444 777 60 Ha! qu’eſt-ce que mon cœur, trop digne de pitié,

126 1482 790 60 Ne voudroit pas donner pour ſon ame autre moitié!

129 1522 763 60 Mais aprés tout que dis-je? Il ſuffit bien de l’une,

130 1562 724 77 Et n’en voilà que trop pour voir mon infortune.

863 1563 79 114 Quoi

108 907 32 78 J

95 305 56 35 E

425 595 81 98 Q
