1034 1758
111 82 56 46 12

227 79 570 51 DOM GARCIE

110 115 750 56 Et qu’il ſoit ſoupçonné, que dans vôtre perſonne

110 156 755 53 Il cherche à me gagner les droits d'une Couronne.

111 199 805 51 Oüy, tout mon cœur voudroit montrer aux yeux de tous,

112 238 704 56 Qu’il ne regarde en vous autre choſe que vous;

111 273 648 53 Et cent fois, ſi je puis le dire ſans offenſe,

111 313 707 54 Ses vœux ſe ſont armez contre vôtre naiſſance,

111 353 676 52 Leur chaleur indiſcrete a d’un deſtin plus bas

111 392 579 54 Souhaité le partage à vos divins appas,

115 430 580 56 Afin que de ce cœur, le noble ſacrifice

114 468 642 56 Pût du Ciel envers vous reparer l'injuſtice;

114 514 679 45 Et vôtre ſort tenir des mains de mon amour,

114 546 783 51 Tout ce qu’il doit au ſang, dont vous tenez le jour.

114 587 805 59 Mais puisqu'enfin les Cieux, de tout ce juſte hommage,

115 632 621 49 A mes feux prévenus dérobent l’avantage.

112 665 779 57 Trouvez bon que ces feux prennent un peu d’eſpoir

117 704 729 59 Sur la mort que mon bras s’apprête à faire voir;

118 747 679 51 Et qu’ils oſent briguer par d’illuſtres ſervices,

118 785 685 61 D’un Frere & d'un Etat les ſuffrages propices.

384 824 274 52 D. ELUIRE.

117 855 807 66 Je ſçay que vous pouvez, Prince, en vangeant nos droits

120 902 736 56 Faire par vôtre amour parler cent beaux exploits.

121 947 704 47 Mais ce n'eſt pas aſſez pour le prix qu’il eſpere

120 980 689 60 Que l’aveu d’un Etat, & la faveur d’un Frere.

121 1024 616 49 D. Eluire n'eſt pas au bout de cet effort,

121 1057 706 62 Et je vous vois à vaincre un obſtacle plus fort.

387 1100 284 48 D. GARCIE.

120 1136 751 55 Oüi, Madame, j'entens ce que vous voulez dire,

120 1176 806 57 Je ſçai bien que pour vous mon cœur en vain ſoûpire;

125.0 1224.0 718.0 46.0 Et l'obſtacle puiſſant, qui s'oppoſe à mes feux,

120 1255 806 63 Sans que vous le nommiez, n'eſt pas ſecret pour eux.

384 1300 281 49 D. ELUIRE.

120 1330 808 55 Souvent on entend mal, ce qu’on croit bien entendre,

123 1372 805 50 Et par trop de chaleur, Prince, on ſe peut méprendre.

124 1413 726 53 Mais puis qu’il faut parler, deſirez vous ſçavoir,

123 1447 806 67 Quand vous pourrez me plaire, & prendre quelque eſpoir?

381 1495 284 46 D. GARCIE.

126 1527 668 56 Ce me ſera, Madame, une faveur extrême.

387 1574 281 47 D. ELUIRE.

126 1602 806 82 Quand vous ſçaurez m’aimer, cõme il faut que l’on aime.
