1014 1748
107 74 37 39 8

219 61 579 54 DOM GARCIE

103 106 720 46 Ma pitié pour D. Sylve, avoit beau l'émouvoir,

103 142 704 59 J’en trahiſſois les ſoins, ſans m’en apperçevoir.

104 183 724 54 Et mes regards au Prince, en un pareil martyre

106 221 744 58 En diſoient toujours plus, que je n'en voulois dire.

431 262 163 51 ELISE.

106 292 679 57 Enfin, ſi les ſoupçons de cet illuſtre Amant,

106 335 741 58 Puiſque vous le voulez n’ont point de fondement?

106 374 776 57 Pour le moins font-ils foy d'une ame bien atteinte,

109 415 708 54 Et d’autres cheriroient ce qui fait vôtre plainte.

107 458 657 51 De jaloux mouvemens doivent être odieux,

109 493 736 54 S’ils partent d’un amour qui deplaiſe à nos yeux.

110 534 807 54 Mais tout ce qu’un Amant nous peut montrer d'allarmes,

112 578 808 51 Doit lorsque nous l’aimons, avoir pour nous des charmes;

110 620 740 44 C’eſt par là que ſon feu ſe peut mieux exprimer,

110 652 717 57 Et plus il eſt jaloux, plus nous devons l’aimer;

112 689 789 68 Ainſi puiſqu’en vôtre ame une Prince magnanime....

383 737 279 48 D. ELUIRE.

115 772 708 51 Ah! ne m’avancez point cette étrange maxime.

112 815 639 51 Par tout la jalouſie est un monſtre odieux,

113 856 651 45 Rien n’en peut adoucir les traits injurieux;

113 890 746 55 Et plus l’amour eſt cher, qui lui donne naiſſance

116 927 707 57 Plus on doit reſſentir les coups de cette offence.

116 964 743 60 Voir un Prince emporté, qui perd à tous momens

115 1005 741 53 Le reſpect que l’amour inspire aux vrais Amans:

119 1045 720 59 Qui dans les ſoins jaloux, où ſon ame ſe noye,

116 1085 701 59 Querelle également mon chagrin, & ma joye;

118 1128 754 51 Et dans tous mes regards ne peut rien remarquer,

119 1165 707 61 Qu’en faveur d’un Rival il ne veüille expliquer.

119 1204 739 60 Non, non, par ces ſoupçons je ſuis trop offencée,

120 1248 609 46 Et ſans déguiſement je te dis ma penſée.

119 1286 622 46 Le Prince D. Garcie eſt cher à mes deſirs,

120 1324 700 54 Il peut d’un cœur illuſtre échaufer les ſoupirs:

122 1363 637 52 Au milieu de Leon, on a veu ſon courage

123 1405 697 50 Me donner de ſa flame un noble témoignage,

122 1442 704 52 Braver en ma faveur des perils les plus grands,

122 1481 666 54 M’enlever aux deſſeins de nos lâches tyrans;

125 1520 671 47 Et dans ces murs forcez mettre ma destinée,

126 1558 704 74 A couvert des horreurs d’un indigne hymenée;

897 1590 38 57 Et
