1022 1744
218 52 596 62 DE NAVARRE.

864 69 57 79 15

372 114 285 42 D. GARCIE.

117 135 740 59 Ah! Madame, il ſuffit pour me rendre croyable,

119 183 692 52 Que ce qu’on vous promet doit être inviolable;

117 222 521 51 Et que l'heur d'obeïr à ſa divinité,

119 260 648 58 Ouvre aux plus grands efforts de la facilité;

116 302 670 51 Que le Ciel me declare une éternelle Guerre,

116 340 705 56 Que je tombe à-vos pieds d’un éclat de tonnerre,

116 380 687 56 Ou pour perir encor par des plus rudes coups,

116 418 693 52 Puiſſay-je voir ſur moi fondre vôtre courroux;

116 457 651 51 Si jamais mon amour deſcend à la foibleſſe

116 497 685 55 De manquer aux devoirs d'une telle promeſſe;

113 534 702 50 Si jamais dans mon ame aucun jaloux tranſport

113 576 613 53 Fait.... D. Pedre apporte un billet.

370 616 279 46 D. ELUIRE.

210 643 612 70 J’en êtois en peine, & tu m’oblige fort,

114 690 742 58 Que le Courrier attende. A ces regards qu'il jette,

111 731 591 55 Vois-je pas que déja cet écrit l'inquiete?

111 771 565 53 Prodigieux effet de ſon temperament,

113 809 724 58 Qui vous arrête, Prince, au milieu du ſerment?

364 850 285 51 D. GARCIE.

110 886 725 58 J'ai creu que tous aviez quelque ſecret enſemble,

110 928 499 57 Et je ne voulois pas l'interrompre.

334 962 507 58 D. ELUIRE. Il me ſemble

110 1007 659 53 Que vous me répondez d'un ton fort alteré,

107 1046 602 54 Je vous vois tout-à-coup le viſage égaré;

109 1084 716 51 Ce changement ſoudain a lieu de me ſurprendre,

107 1124 726 57 D’où peut-il provenir, le pourroit-on apprendre?

359 1162 292 47 D. GARCIE.

107 1196 785 66 D’un mal qui tout à coup vient d'attaquer mon cœur.

363 1241 279 49 D. ELUIRE.

107 1271 744 60 Souvent plus qu'on ne croit ces maux ont de rigueur;

104 1316 708 48 Et quelque prompt ſecours tous feroit neceſſaire,

103 1357 711 58 Mais encor dites-moi vous prend il d'ordinaire?

372 1396 285 52 D. GARCIE.

103 1430 539 53 Par fois. D. ELUIRE.

254 1470 613 66 Ah! Prince foible; hé bien par cet écrit,

103 1507 686 56 Guerriſſez-le ce mal, il n'eſt que dans l’eſprit.

359 1556 285 47 D. GARCIE.

100 1582 712 80 Par cet écrit, Madame? ah ! ma main le refuſe,
