1000 1820
101 138 52 44 10

213 127 570 56 DOM GARCIE

94 180 698 42 Soit veu par d’autres yeux ſous un autre viſage.

94 212 755 50 Pour moi je trouverois mon ſort tout-à-fait doux,

95 253 604 51 Si j’avois un Amant qui pût étre jaloux;

94 291 637 53 Je ſçaurois m’applaudir de ſon inquiétude;

94 330 758 56 Et ce qui pour mon ame eſt ſouvent un peu rude,

94 370 702 50 C’eſt de voir D. Alvar ne prendre aucun ſouci.

358 409 279 52 D. ELUIRE.

95 444 656 67 Nous ne le croyons pas ſi proches, le voici.

294 494 404 68 SCENE II.

133 542 727 69 D. ELUIRE, D. ALVAR, ELISE.

349 599 292 56 D. ELUIRE.

172 633 723 60 Otre retour ſurprend, qu’avez vous à m'apprendre?

176 684 720 60 Dom Alphonſe vient-il, a t'on lieu de l'attendre?

368 724 258 51 D. ALVAR.

95 750 680 62 Oüi, Madame, & ce Frere en Caſtille élevé

97 799 676 53 De rentrer dans ſes droits voit le tems arrivé.

95 838 603 59 Jusqu'ici D. Loüis qui vit à ſa prudence

94 875 752 60 Par le feu Roi mourant, commettre ſon enfance,

97 919 649 50 A caché ſes deſtins aux yeux de tout l’état,

94 961 661 47 Pour l’ôter aux fureurs du traître Mauregat.

97 994 675 58 Et bien que le tiran, depuis ſa lâche audace,

95 1038 709 52 L’ait ſouvent demandé pour lui rendre ſa place,

97 1079 637 53 Jamais ſon zele ardent n’a pris de ſeureté,

95 1116 604 53 A l'appas dangereux de ſa fauſſe équité,

95 1154 618 59 Mais les peuples émeus par cette violence

94 1199 678 47 Que vous a voulu faire une injuſte puiſſance,

94 1231 663 52 Ce genereux Vieillard a cru qu’il étoit tems

94 1272 681 52 D'éprouver le ſuccés d’un eſpoir de vingt ans.

92 1313 581 53 Il a tenté Leon, & ſes fidelles trames,

94 1343 795 64 Des grands, comme du peuple, ont pratiqué les ames:

94 1392 664 50 Tandis que la Caſtille armoit dix mille bras,

94 1427 723 56 Pour redonner ce Prince aux vœux de ſes Etats;

91 1468 584 57 Il fait auparavant ſemer ſa renommée,

91 1503 696 56 Et ne veux le montrer qu’en tête d’une armée.

97 1545 638 53 Que tout prét à lancer le foudre puniſſeur,

92 1586 646 53 Sous qui doit ſuccomber un lâche raviſſeur.

94 1624 669 47 On inveſtit Leon, & Dom Silve en perſonne

97 1663 711 62 Commande le ſecours que ſon Pere vous donne.

91 641 71 103 V
