1002 1756
90 79 60 52 14

228 67 567 58 DOM GARCIE

86 136 697 38 Daignez donc étouffer le doute qui m’accable,

89 159 647 50 Et faites qu’un aveu d’une bouche adorable

86 199 699 48 Me donne l’aſſurance au fort de tant d'aſſauts,

89 237 713 61 Que je ne puis trouver dans le peu que je vaux.

348 279 278 48 D. ELUIRE.

86 305 678 63 Prince de vos ſoupçons la tyrannie eſt grande

86 354 803 58 Au moindre mot qu’il dit, un cœur veut qu’on l’entende,

86 395 650 52 Et n’aime pas ces feux, dont l’importunité

86 434 652 51 Demande qu’on explique avec tant de clarté

86 474 738 52 Le premier mouvement qui découvre nôtre ame,

87 512 654 54 Doit d’un Amant diſcret ſatisfaire la flâme,

86 551 644 48 Et c’eſt à s’en dédire authoriſer nos vœux,

86 594 664 46 Que vouloir plus avant pouſſer de tels aveux.

84 629 753 52 Je ne dis point quel choix, s'il m’étoit volontaire,

84 670 753 51 Entre Dom Sylve & vous, mon ame pourroit faire;

83 708 769 50 Mais vouloir vous contraindre à n'être point jaloux,

84 747 705 56 Auroit dit quelque choſe à tout autre que vous;

84 787 674 52 Et je croyois cet ordre un aſſez doux langage

84 825 636 58 Peur n’avoir pas beſoin d’en dire davantage.

84 869 693 45 Cependant vôtre amour n’eſt pas encor content;

83 904 614 51 Il demande un aveu qui ſoit plus éclatant.

83 942 763 57 Pour l’ôter de ſcrupule, il me faut à vous méme,

83 983 686 50 En des termes exprés, dire que je vous aime?

82 1021 637 53 Et peut-être qu’encor pour vous en aſſurer

82 1060 616 57 Vous vous obſtineriez à m’en faire jurer.

339 1100 286 50 D. GARCIE.

79 1131 794 64 Hé bien, Madame, hé bien, je ſuis trop temeraire,

79 1179 735 63 De tout ce qui vous plaît, je dois me ſatisfaire;

76 1217 660 53 Je ne demande point de plus grande clarté,

74 1258 727 54 Je croi que vous avez pour moi quelque bonté,

79 1296 694 53 Que d’un peu de pitié mon feu vous ſollicite,

76 1334 666 54 Et je me vois heureux plus que je ne merite.

76 1374 737 55 C'en eſt fait, je renonce à mes ſoupçons jaloux,

76 1413 772 62 L’arrêt qui me condamne, eſt un arrêt bien doux;

77 1453 662 54 Et je reçois la Loi qu’il daigne me précrire,

77 1491 741 58 Pour affranchir mon cœur de leur injuſte empire.

339 1530 277 50 D. ELUIRE.

79 1555 773 76 Vous promettez beaucoup, Prince, & je doute fort,

80 1602 686 85 Si vous pourrez ſur vous faire ce grand effort.
