1028 1760
193 38 597 67 DE NAVARRE.

837 46 52 59 21

92 111 361 38 Quoi que vôtre Rival....

92 136 429 51 Vous devez toutefois vous....

93 174 385 53 Et vous avez en vous à....

93 214 394 50 L'obſtacle le plus grand....

92 258 397 51 Je cheris tendrement ce....

93 291 454 55 Pour me tirer des mains de....

95 334 392 45 Son amour, ſes devoirs....

98 369 418 53 Mais il m’eſt odieux avec....

96 412 410 48 Otez donc à vos feux ce....

99 447 457 54 Meritez les regards que l'on....

101 488 418 53 Et lors qu’on vous oblige....

98 526 421 56 Ne vous obſtinez point à...

101 560 690 58 Oüi, mon ſort par ces mots eſt aſſez éclairci,

99 605 714 52 Son cœur comme ſa main ſe fait connoître ici:

101 646 625 55 Et les ſens imparfaits de cet écrit funeſte,

101 687 750 49 Pour s’expliquer à moi, n'ont pas beſoin du reſte.

99 724 649 50 Toutefois dans l’abord agiſſons doucement,

101 764 631 47 Couvrons à l’infidelle un vif reſſentiment;

101 802 739 54 Et de ce que je tiens, ne donnant point d’indice,

101 841 681 55 Confondons ſon eſprit par ſon propre artifice.

101 881 715 56 La voici, ma raiſon, renferme mes tranſports,

102 921 705 58 Et rends-toi-pour un tems maîtreſſe du dehors.

311 962 392 58 SCENE V.

177 997 657 66 D. ELUIRE, D. GARCIE.

367 1051 282 51 D. ELUIRE.

179 1076 708 75 Ous avez bien voulu que je vous fiſſe attendre?

364 1129 290 47 D. GARCIE.

105 1160 353 70 Ha! qu’elle cache bien.

373 1202 279 54 D. ELUIRE.

496 1233 417 69 On vient de nous apprendre

105 1280 674 59 Que le Roi vôtre Pere approuve vos projets,

107 1328 730 53 Et veut bien que ſon Fils nous rende nos Sujets,

105 1366 698 50 Et mon ame en a pris une allegreſſe extréme.

377 1405 285 49 D. GARCIE.

105 1435 808 71 Oüi, Madame, & mon coeur s'en réjoüit de méme.

108 1484 119 64 Mais....

377 1513 279 59 D. ELUIRE.

242 1551 574 93 Le tiran ſans doute aura peine à parer

869 1581 51 77 Les

107 1063 70 78 V
