1006 1752
122 48 51 58 18

251 56 575 60 DOM GARCIE.

121 116 781 43 Que vôtre ame les forme, & qu'il n’eſt en ces lieux;

118 146 782 49 Fâcheux que par vos ſoins, jaloux que par vos yeux.

119 185 749 48 Encor un coup, Dom Lope, une ame bien épriſe

118 221 803 63 Des ſoupçons qu'elle prend, ne me rend point ſurpriſe;

119 264 752 51 Mais qu'on ait ſans amour tous les ſoins d'un jaloux,

118 306 712 57 C’eſt une nouveauté qui n’appartient qu’à vous.

420 346 207 48 D. LOPE.

118 373 652 63 Que ſur cette conduite à ſon aiſe l’on gloſe,

118 421 706 56 Chacun regle la ſienne au but qu'il ſe propoſe;

115 459 670 53 Et rebuté par vous des ſoins de mon amour,

115 497 728 65 Je ſonge auprés du Prince à bien faite ma Cour.

439 543 162 48 ELISE.

115 563 740 70 Mais ſçavez vous, qu'enfin il fera mal la ſienne,

112 617 799 61 S'il faut qu'en cette humeur vôtre eſprit l'entretienne?

414 659 212 50 D. LOPE.

112 689 799 59 Et quand, charmante Eliſe, a-t'on veu s’il vous plaît,

112 738 799 57 Qu’on cherche auprés des Grands, que ſon propre interêt?

112 778 747 48 Qu'un parfait Courtiſan veüille charger leur ſuite,

109 810 802 58 D'un cenſeur des défauts, qu’on trouve en leur conduite;

109 854 672 58 Et s’aille inquieter, ſi ſon diſcours leur nuit,

109 893 682 51 Pourveu que ſa fortune en tire quelque fruit?

105 925 806 67 Tout ce qu’on fait ne va, qu'à ſe mettre en leur grace

108 975 733 63 Par la plus courte voye, on y cherche une place;

108 1017 770 57 Et les plus prompts moyens de gagner leur faveur,

106 1059 707 47 C’eſt de flater toûjours le foible de leur cœur:

108 1095 716 52 D’applaudir en aveugle à ce qu'ils veulent faire,

108 1138 693 54 Et n'appuyer jamais ce qui peut leur déplaire;

108 1173 708 51 C’eſt là le vrai ſecret d’être bien auprés d’eux,

109 1214 654 51 Les utiles conſeils font paſſer pour fâcheux,

109 1254 704 52 Et vous laiſſent toujours hors de la confidence,

106 1295 678 46 Où vous jette d’abord l'adroite complaiſance.

109 1331 730 57 Enfin on voit par tout, que l'art des Courtiſans,

105 1370 718 54 Ne tend qu’à profiter des foibleſſes des Grands;

106 1411 718 53 A nourrir les erreurs, & jamais dans leur ame,

108 1451 673 55 Ne porter les avis des choſes qu'on y blâme.

435 1490 159 50 ELISE.

109 1519 689 59 Ces maximes un temps leur peuvent ſucceder;

102 1566 705 72 Mais il eſt des revers, qu’on doit apprehender.

862 1553 70 123 Et
