1032 1756
216 74 603 62 DE NAVARRE.

872 81 48 60 11

376 133 285 38 D. ELUIRE.

112 159 685 61 Un ſecours ſi puiſſant doit flater nôtre eſpoir;

114 200 751 66 Mais je crains que mon Frere y puiſſe trop devoir.

386 241 259 50 D. ALVAR.

117 275 733 58 Mais, Madame, admirez que malgré la tempéte

115 319 666 52 Que vôtre uſurpateur oit gronder ſur la téte,

114 355 721 60 Tous les bruits des Leon annoncent pour certain,

115 395 684 61 Qu’à la Comteſſe Ignes il va donner la main.

379 437 279 50 D. ELUIRE.

117 468 667 57 Il cherche dans l’himen de cette illuſtre Fille

117 510 711 57 L’appui du grand credit, où ſe voit ſa famille;

118 550 676 55 Je ne reçois rien d’elle, & j’en ſuis en ſouci,

120 592 661 56 Mais ſon cœur au tiran fut toujours endurci.

443 632 155 48 ELISE.

120 664 777 61 De trop puiſſant motifs, d’honneur & de tendreſſe,

121 706 725 60 Oppoſent ſes refus aux nœuds dont on la preſſe,

120 746 109 63 Pour....

386 784 259 57 D. ALVAR.

197 826 283 49 Le Prince entre ici.

317 870 413 85 SCENE III.

143 936 752 83 D. GARCIE, D. ELUIRE, D. ALVAR , ELISE.

553 1021 237 53 D. GARCIE.

500 1060 308 55 E viens m'intereſſer,

118 1097 805 60 Madame, au doux eſpoir, qu’il vous vient d’annoncer.

120 1141 701 50 Ce Frere qui menace un titan plein de crimes,

118 1179 679 51 Flatte de mon amour les tranſports legitimes.

118 1218 682 52 Son ſort offre à mon bras des perils glorieux,

120 1257 761 52 Dont je puis faire hommage à l’éclat de vos yeux.

118 1296 728 57 Et par eux m’acquerir, ſi le Ciel m’eſt propice,

117 1334 702 56 La gloire d’un revers, que vous doit ſa juſtice;

120 1372 639 53 Qui va faire à vos pieds cheoir l'infidélité,

117 1413 598 50 Et rendre à vôtre ſang toute ſa dignité.

121 1451 755 51 Mais ce qui plus me plaît, d’une atteinte ſi chere,

121 1494 798 49 C’eſt que pour étre Roi, le Ciel nous rend ce Frere;

121 1529 687 52 Et qu’ainſi mon amour peut éclater au moins

121 1571 695 59 Sans qu’à d’autres motifs on impute ſes ſoins;

885 1603 45 78 Et

466 1077 31 35 J

626 1611 69 51 A 6
