1028 1756
212 81 584 55 DE NAVARRE.

865 84 60 62 13

374 127 283 42 D. GARCIE.

114 147 700 63 Et que peut on, helas! obſerver ſous les Cieux

115 200 760 54 Qui ne cede à l'ardeur, que m’inſpirent vos yeux?

377 237 271 49 D. ELUIRE.

115 269 624 58 Quand vôtre paſſion ne fera rien paroître,

115 314 693 62 Dont ſe puiſſe indigner celle qui l'a fait naître.

370 357 283 49 D. GARCIE.

115 389 423 66 C'eſt là ſon plus grand ſoin.

377 433 274 57 D. ELUIRE.

471 462 407 66 Quand tous ſes movemens

119.0 523.0 747.0 41.0 Ne prendront point de moy de trop bas ſentimens.

373 553 284 60 D. GARCIE.

114 586 323 60 Ils vous reverent trop.

370 621 274 60 D. ELUIRE.

464 654 410 76 Quand d’un injuſte ombrage

115 705 608 63 Vôtre raiſon ſçaura me reparer l'outrage;

114 747 726 53 Et que vous bannirez, enfin ce monſtre affreux,

114 788 656 49 Qui de ſon noir venin empoiſonne vos feux.

114 826 704 54 Cette jalouſe humeur, dont l’importun caprice,

114 866 795 57 Aux vœux, que vous m’offrez, rend un mauvais office,

111 908 780 57 S'oppoſe à leur attente, & contre eux à tous coups,

114 945 676 60 Arme les mouvemens de mon juſte courroux.

367 987 284 47 D. GARCIE.

112 1006 798 76 Ah! Madame, il eſt vray, quelque effort que je faſſe,

112 1063 744 56 Qu’un peu de jalouſie en mon cœur trouve place,

111 1100 613 53 Et qu'un Rival abſens de vos divins appas

112 1141 681 48 Au repos de ce coeur vient livrer des combats.

111 1182 717 51 Soit caprice, ou raiſon, j’ay toûjours la croyance

111 1220 763 50 Que vôtre ame en ces lieux ſouffre de ſon abſence:

111 1258 720 54 Et que malgré mes ſoins, vos ſoûpirs amoureux

108 1300 732 55 Vont trouver à tous coups ce Rival trop heureux.

109 1336 747 51 Mais ſi de tels ſoupçons ont dequoi vous déplaire,

109 1374 712 55 Il vous eſt bien facile, helas! de m’y ſoûtraire;

109 1413 651 60 Et leur banniſſement, dont j’accepte la Loy

109 1453 785 55 Dépend bien plus de vous, qu’il ne dépend de moy.

109 1492 801 64 Oüi, c’eſt vous qui pouvez par deux mots pleins de flâme;

108 1533 616 51 Contre la jalouſie armer toute mon ame;

108 1570 628 48 Et des pleines clartez d’un glorieux espoir

108 1603 738 81 Diſſiper les horreurs que ce monſtre y fait cheoir.
