1026 1754
207 67 590 55 DE NAVARRE.

881 73 32 64 9

115 118 606 44 Et je ne cele point que jaurois de l’ennui,

118 135 739 69 Que la gloire en fût deüe à quelqu'autre qu’à lui;

117 187 743 54 Car un cœur amoureux prend un plaiſir extréme,

115 225 663 57 A ſe voir redevable, Eliſe, à ce qu’il aime;

117 266 560 57 Et ſa flâme timide oſe mieux éclater,

114 305 639 56 Lors qu'en favoriſant, elle croît s’acquiter.

117 344 680 47 Oüi, j’aime qu’un ſecours qui hazarde ſa tête

114 380 710 52 Semble à ſa paſſion donner droict de conquête.

117 418 708 58 J'aime que mon peril m’ait jettée en ſes mains,

118 457 766 53 Et ſi les bruits communs ne ſont pas des bruits vains

114 496 680 52 Si la bonté du Ciel nous rameine mon Frere,

117 536 761 58 Les vœux les plus ardens, que mon cœur puiſſe faire

112 575 685 60 C’eſt que ſon bras encor, ſur un perfide ſang

109 616 706 57 Puiſſe aider à ce Frere, à reprendre ſon rang,

117 656 670 51 Et par d’heureux ſuccez d’une haute vaillance

117 697 645 51 Meriter tous les ſoins de ſa reconnoiſſance.

118 730 719 57 Mais avec tour cela, s’il pouſſe mon courroux,

114 771 720 56 S’il ne purge ſes feux de leurs tranſports jaloux,

117 809 745 62 Et ne les range aux loix, que je lui veux précrire,

115 849 659 49 C’eſt inutilement qu’il pretend Done Eluire.

114 881 800 69 L’hymen ne peut nous joindre, & j’abhorre des nœuds,

117 926 799 67 Qui deviendroient ſans doute un Enfer pour tous deux.

436 967 168 51 ELISE.

115 1004 726 52 Bien que l'on pût avoir des ſentimens tout autres,

115 1045 747 57 C’eſt au Prince, Madame, à ſe regler, aux vôtres,

115 1083 694 61 Et dans vôtre billet ils ſont ſi bien marquez....

374 1122 277 47 D. ELUIRE.

112 1153 710 64 Je n'y veux point, Eliſe, employer cette lettre,

114 1201 803 69 C’eſt un ſoin qu’à ma bouche, il me vaut mieux com¬

153 1242 104 45 mettre.

111 1265 714 68 La faveur d'un écrit laiſſe aux mains d’un Amant

111 1319 737 53 Des témoins trop conſtans de nôtre attachement:

114 1354 758 68 Ainſi donc empêchez, qu’au Prince on ne la livre.

431 1398 167 46 ELISE.

115 1425 767 67 Toutes vos volontez ſont des loix qu’on doit ſuivre.

112 1473 593 58 J’admire cependant que le Ciel ait jetté

114 1514 622 55 Dans le goût des eſprits tant de diverſité,

114 1550 742 78 Et que ce que les uns regardent comme outrage,

869 1591 64 66 Soit

562 1606 84 48 A 5
