1000 1750
96 32 63 58 22

221 29 562 64 DOM GARCIE

96 87 696 48 Les foudres que par tout il entend murmurer;

99 122 594 53 Et j’oſe me flater que le même courage

96 160 664 52 Qui pût bien me ſoûtraire à ſa brutale rage:

93 198 791 64 Et dans les murs d'Aſtorgue, arrachez de ſes mains,

93 239 651 52 Me faire un ſeur azile à braver les deſſeins:

90 277 651 55 Pourra de tout Leon, achevant la conquête,

90 316 664 58 Sous ſes nobles efforts faire cheoir cette tête.

351 361 282 50 D. GARCIE.

89 393 702 56 Le ſuccez en pourra parler dans quelques jours,

86 438 709 54 Mais de grâce paſſons à quelque autre diſcours.

86 478 665 48 Puis-je ſans trop oſer vous prier de me dire,

83 519 715 51 A qui vous avez pris, Madame, ſoin d’écrire,

84 554 616 62 Depuis que le deſtin nous a conduits ici?

350 596 274 52 D. ELUIRE.

83 628 735 69 Pourquoi cette demande? & d’où vient ce ſouci?

347 676 289 53 D. GARCIE.

80 710 541 55 D'un deſir curieux de pure fantaiſie.

341 753 280 53 D. ELUIRE.

81 787 446 66 La curioſité naît de la jalouſie.

341 831 283 55 D. GARCIE.

80 863 728 68 Non, ce n'eſt rien du tout de ce que vous penſez,

80 914 629 57 Vos ordres de ce mal me défendent aſſez.

340 956 281 50 D. ELUIRE.

77 981 734 70 Sans chercher plus avant quel intérêt vous preſſe,

75 1031 625 49 J’ai deux fois à Leon écrit à la Comteſſe;

77 1073 690 58 Et deux fois au Marquis D. Loüis, à Burgos?

75 1114 571 48 Avec cette réponſe êtes-vous en repos?

335 1149 285 58 D. GARCIE.

74 1179 755 72 Vous n'avez point écrit à quelque autre perſonne,

74 1229 561 58 Madame? D. ELUIRE.

243 1262 637 78 Non, ſans doute, & ce diſcours m’étonne.

331 1311 287 48 D. GARCIE.

71 1335 623 72 De grace ſongez bien avant que d’aſſurer,

67 1386 700 57 En manquant de memoire on peut ſe parjurer.

328 1426 283 51 D. ELUIRE.

70 1451 673 72 Ma bouche ſur ce point ne peut être parjure.

327 1506 278 48 D. GARCIE.

67 1540 601 86 Elle a dit toutefois une haute impoſture.

750 1554 127 102 D. EL¬
