1032 1758
221 67 601 58 DE NAVARRE.

878 95 52 32 19

117 118 809 56 Et dans l’eſprit des Grands, qu’on tâche de ſurprendre,

118 156 705 53 Un rayon de lumiere, à la fin peut deſcendre,

120 196 703 54 Qui ſur tous ces flateurs vange équitablement,

120 232 734 62 Ce qu’a fait à leur gloire, un long aveuglement.

120 273 675 49 Cependant je dirai, que vôtre ame s’explique

117 312 662 55 Un peu bien librement ſur vôtre Politique;

120 353 642 55 Et ſes nobles motifs, au Prince rapportez,

120 392 525 62 Serviroient aſſez mal vos aſſiduitez.

423 432 205 48 D. LOPE.

118 460 679 61 Outre que je pourrois deſavoüer ſans blame,

117 509 703 57 Ces libres veritez, ſur quoi s’ouvre mon ame;

114 547 705 55 Je ſçai fort bien qu'Eliſe a l’eſprit trop diſcret,

117 590 595 44 Pour aller divulguer cet entretien ſecret.

117 627 799 60 Qu'ai-je dit, aprés tout, que ſans moi l'on ne ſçache?

114 666 703 56 Et dans mon procedé que faut-il que je cache?

115 703 748 63 On peut craindre une cheute avec quelque raiſon,

114 745 709 51 Quand on met en uſage, ou ruſe, ou trahiſon.

114 782 787 58 Mais qu'ai-je à redouter, moi qui par tout n'avance

114 823 768 53 Que les ſoins approuvez d’un peu de complaiſance;

115 862 579 50 Et qui ſui ſeulement par d’utiles leçons

112 898 691 63 La pente qu’a le Prince à de jaloux ſoupçons?

109 940 738 57 Son ame ſemble en vivre, & je mets mon étude

111 984 585 51 A trouver des raiſons à ſon inquietude;

108 1024 652 57 A voir de tous côtez, s'il ne ſe paſſe rien,

108 1063 578 48 A fournir le ſujet d'un ſecret entretien.

108 1103 661 51 Et quand je puis venir enflé d'une nouvelle,

108 1141 630 50 Donner à ſon repos une atteinte mortelle,

107 1179 744 61 C’eſt lors que plus il m’aime, & je voi ſa raiſon

105 1218 582 55 D’une audience avide avaler ce poiſon,

104 1258 655 53 Et m'en remercier, comme d'une victoire,

104 1297 759 56 Qui combleroit ſes jours de bonheur & de gloire.

104 1336 719 54 Mais mon rival paroît, je vous laiſſe tous deux,

102 1377 707 54 Et bien que je renonce à l'eſpoir de vos vœux,

101 1415 772 57 J'aurois un peu de peine à voir qu’en ma preſence,

101 1457 620 60 Il reçeût des effets de quelque preference;

99 1492 653 65 Et je veux, ſi je puis, m'épargner ce ſouci.

422 1541 165 52 ELISE.

99 1564 641 95 Tout amant de bon ſens en doit uſer ainſi.

800 1604 98 89 SCE¬
