1040 1766
122 58 38 64 6

238 54 567 71 DOM GARCIE

437 116 162 45 ELISE.

113 151 736 55 Cet amour que pour lui vôtre aſtre vous inſpire,

110 191 729 50 N’a ſur vos actions pris que bien peu d’empire;

113 231 809 50 Puiſque nos yeux. Madame, ont pû long-tems douter

113 272 773 59 Qui de ces deux Amans vous vouliez mieux traiter.

380 309 281 57 D. ELUIRE.

111 339 669 64 De ces nobles Rivaux l’amoureuſe pourſuite,

116 388 655 49 A de fâcheux combats, Eliſe, m’a reduite.

114 422 716 54 Quand je regardois l’un, rien ne me reprochoit

113 467 704 53 Le tendre mouvement où mon ame panchoit;

116 506 688 48 Mais je me l’imputois à beaucoup d’injuſtice,

114 547 734 59 Quand de l’autre à mes yeux s’offroit le ſacrifice.

114 585 786 52 Et Dom Silve, aprés tout, dans les ſoins amoureux

116 625 677 50 Me ſembloit meriter un deſtin plus heureux.

113 665 722 57 Je m'oppoſois encor, ce qu’au ſang de Caſtille,

114 703 685 56 Du feu Roi de Leon, ſemble devoir la Fille;

116 743 604 48 Et la longue amité, qui d’un étroit lien

113 777 667 61 Joignit les interéts, de ſon Pere & du mien.

116 822 725 50 Ainſi plus dans mon ame un autre prenoit place.

114 860 718 56 Plus de tous ſes reſpects je plaignois la diſgrace:

116 903 660 47 Ma pitié complaiſante à ſes brulans ſoupirs,

116 940 620 50 D’un dehors favorable amuſoit ſes deſirs;

116 980 627 56 Et vouloit reparer par ce foible avantage,

113 1018 790 63 Ce qu’au fond de mon cœur je lui faiſois d’outrage.

438 1064 161 50 ELISE.

117 1087 696 71 Mais ſon premier amour que vous avez appris,

117 1139 676 53 Doit de cette contrainte affranchir vos eſprits.

117 1177 809 59 Et puis qu’avant ſes ſoins, où pour vous il s’engage,

117 1217 737 63 Done Ignés de ſon cœur avoir receu l’hommage;

116 1258 636 53 Et que par des liens auſſi fermes que doux

114 1299 635 50 L’amitié vous unit cette Comteſſe & vous.

113 1334 571 52 Son ſecret revelé vous eſt une matiere

116 1380 647 50 A donner à vos vœux liberté toute entiere;

114 1414 722 59 Et vous pouvez ſans crainte à cet Amant confus

114 1454 660 52 D’un devoir d'amitié couvrir tous vos refus.

377 1495 281 48 D. ELUIRE.

116 1520 667 72 Il eſt vrai que j'ai lieu de cherir la nouvelle,

117 1574 669 68 Qui m’apprit que D. Silve étoit un infidelle;

845 1602 106 103 Puiſ¬
