1024 1758
868 98 37 61 7

195 73 606 57 DE NAVARRE.

98 127 641 45 Puiſque par ſes ardents mon cœur tiranniſé

99 158 584 52 Contre elles à preſent ſe voit authoriſé.

99 197 759 52 Qu’il en peut juſtement combattre les hommages,

101 237 736 51 Et ſans ſcrupule ailleurs donner tous ſes ſuffrages.

102 275 729 54 Mais enfin qu’elle joye en peut prendre ce cœur,

99 313 680 53 Si d’une autre contrainte il ſouffre la rigueur?

101.0 365.0 610.0 37.0 Si d’un Prince jaloux l’éternelle foibleſſe,

99 392 675 54 Reçoit indignement les ſoins de ma tendreſſe:

101 433 658 51 Et ſemble preparer dans mon juſte courroux

101 473 667 54 Un éclat à briſer tout commerce entre nous?

423 512 157 49 ELISE.

101 543 758 64 Mais ſi de vôtre bouche il n’a point ſçeu ſa gloire,

99 588 677 55 Eſt-ce crime pour lui que de n'oſer la croire?

101 628 622 53 Et ce que d’un rival a pû flatter les feux,

99 668 619 54 L’authoriſe-t’il pas à douter de vos vœux!

366 709 275 49 D. ELUIRE.

101 736 685 66 Non, non, de cette sombre, & lâche jalouſie

101 786 584 50 Rien ne peut excuſer l'étrange freneſie;

101 820 598 54 Et par mes actions je l’ai trop informé,

104 859 736 55 Qu’il peut bien se flatter du bonheur d’être aimé.

101 903 692 50 Sans employer la langue, il eſt des interpretes

101 943 658 50 Qui parlent clairement des atteintes ſecretes.

102 981 657 54 Un soupir, un regard, une simple rougeur,

101 1019 661 47 Un ſilence eſt aſſez pour expliquer un cœur.

101 1059 689 50 Tour parle dans l’amour, & ſur cette matiere

101 1098 700 49 Le moindre jour doit être une grande lumiere;

101 1133 773 58 Puiſque chez nôtre Sexe, où l’honneur eſt puiſſant,

104 1177 686 50 On ne montre jamais tout ce que l’on reſſent.

101 1211 666 54 J’ai voulu, je l’avoüe, ajuſter ma conduite,

104 1255 683 51 Et voir d’un œil égal, l’un & l’autre merite:

101 1289 746 57 Mais que contre ſes vœux on combat vainement,

104 1333 617 47 Et que la difference eſt connüe aiſement,

104 1371 645 47 De toutes ces faveurs qu’on fait avec étude

104 1409 670 53 A celles où du cœur fait pancher l’habitude.

104 1451 661 47 Dans les unes toûjours, on paroît ſe forcer;

110 1485 680 54 Mais les autres, helas! ſe font ſans y penser,

102 1526 657 54 Semblables à ces eaux, ſi pures & ſi belles,

105 1567 679 76 Qui coulent ſans effort des ſources naturelles.

855 1601 60 94 Ma

545 1623 66 38 A. 4
