1014 1760
123 60 53 51 16

239 54 573 58 DOM GARCIE

112 111 693 48 Je voi vôtre penſee, & dequoi l'on m’accuſe;

114 143 553 52 Si.... D. ELUIRE.

215 174 608 68 Liſez-le, vous dis-je, & ſatisfaites-vous.

372 222 289 52 D. GARCIE.

117 261 654 51 Pour me traiter après, de foible, de jaloux?

115 302 733 50 Non, non, je dois ici vous rendre un temoignage,

117 335 789 62 Qu’à mon cœur cet écrit n’a point donné d’ombrage;

118 378 728 50 Et bien que vos bontez m’en laiſſent le pouvoir,

117 420 618 49 Pour me juſtifier je ne veux point le voir.

388 462 279 44 D. ELUIRE.

118 489 592 59 Si vous vous obſtinez à cette reſiſtance,

118 535 655 53 J’aurois tort de vouloir vous faire violence;

121 573 618 53 Et c’eſt aſſez enfin, que vous avoir preſſé

120 613 670 52 De voir de quelle main ce billet m’eſt tracé.

381 655 289 50 D. GARCIE.

120 686 666 56 Ma volonté toûjours vous doit être ſoûmiſe,

118 734 694 55 Si c’eſt vôtre plaiſir, que pour vous je le liſe,

118 771 631 57 Je conſens volontier à prendre cet employ.

385 812 281 50 D. ELUIRE.

120 840 753 63 Oüi, oüi, Prince, tenez, vous le lirez pour moi.

377 893 287 50 D. GARCIE.

120 922 753 68 C’eſt pour vous obeïr au moins, & je puis dire....

384 969 280 54 D. ELUIRE.

120 1001 716 65 C’eſt ce que vous voudrez, dépêchez-vous de lire.

385 1048 287 50 D. GARCIE.

117 1078 632 68 Il eſt de Done Ignes, à ce que je connoi.

385 1126 285 45 D. ELUIRE.

118 1148 756 73 Oüi, je m'en réjoüis, & pour vous, & pour moi.

352 1202 347 62 D. GARCIE. lit.

118 1234 512 62 Malgré l’effort d’un long mépris,

117 1276 794 66 Le Tyran toûjours m’aime, & depuis vôtre abſence,

120 1321 739 59 Vers moi pour me porter au deſtin qu’il a pris,

120 1358 610 58 Il ſemble avoir tourné toute ſa violence,

120 1399 386 47 Dont il pourſuit l’alliance

121 1437 351 54 De vous & de ſon Fils.

121 1476 596 56 Ceux qui ſur moi peuvent avoir empire

124 1515 737 63 Par de lâches motifs qu’un faux honneur inſpire,

124 1554 498 56 Approuvent tous cet indigne lien;

123 1594 644 70 J'ignore encor par où finira mon martyre:
