1018 1744
94 285 804 89 DOM GARCIE

129 376 733 94 DE NAVARRE,

407 469 171 60 OU LE

119 529 753 87 PRINCE JALOUX,

302 626 385 57 COMEDIE.

248 767 484 64 ACTE I.

301 825 382 84 SCENE I.

228 903 526 60 D. ELUIRE, ELISE.

356 966 275 52 D. ELUIRE.

223 1005 683 63 On, ce n’eſt point un choix, qui pour ces deux

271 1046 121 54 Amans,

111 994 96 167 N

234 1082 663 55 Sceut regler de mon cœur les ſecrets ſentimens;

235 1127 659 56 Et le Prince n’a point dans tout ce qu’il peut étre:

88 1164 681 55 Ce qui fit preferer l’amour qu'il fait paroître.

88 1204 630 57 D. Sylve comme lui fit briller à mes yeux

88 1242 614 57 Toutes les qualitez d’un Heros glorieux;

90 1281 724 57 Même éclat de vertus, joint à même naiſſance,

90 1319 698 58 Me parloit en tous deux pour cette preference;

90 1360 642 49 Et je ſerois encor à nommer le vainqueur,

87 1398 647 52 Si le merite ſeul prenoit droit ſur un cœur.

91 1437 799 59 Mais ces chaînes du Ciel, qui tombent ſur nos ames,

90 1475 667 53 Deciderent en moi le deſtin de leurs flâmes;

91 1515 618 54 Et toute mon eſtime égale entre les deux,

87 1553 699 66 Laiſſa vers D. Garcie entraîner tous mes vœux.

823 1566 61 132 ELI

868 68 46 68 5

520 1604 63 48 A 3
