1044 1756
244 59 590 56 DE NAVARRE.

891 70 50 61 17

139 121 613 37 Mais je mourrai plutôt que d’y conſentir.

137 141 492 59 Puiſſiez-vous joüir, belle Eluire,

137 181 743 61 D’un deſtin plus doux que le mien. D. IGNES.

235 223 174 46 Il continüe.

134 253 617 64 Dans la haute vertu ſon ame eſt affermie.

396 302 281 50 D. ELUIRE.

133 332 610 57 Je vais faire réponſe à cette illuſtre amie.

131 376 757 60 Cependant apprenez, Prince, à vous mieux armer

133 419 701 52 Contre ce qui prend droit de vous trop allarmer.

130 458 672 51 J’ai calmé vôtre trouble, avec cette lumiere,

131 494 605 50 Et la choſe a paſſé d’une douce maniere:

133 532 710 63 Mais à n’en point mentir il ſeroit des momens,

131 570 683 63 Où je pourrois entrer dans d’autres ſentimens.

382 616 287 49 D. GARCIE.

130 645 452 64 Hé, quoi vous croyez donc....

393 693 274 50 D. ELUIRE.

538 718 387 78 Je croi ce qu’il faut croire....

128 762 630 60 Adieu, de mes avis conſervez la memoire,

127 807 761 60 Et s’il eſt vrai pour moi, que vôtre amour ſoit grand

127 847 739 64 Donnez en à mon cœur les preuves qu’il pretend.

385 892 282 47 D. GARCIE.

124 918 710 72 Croyez que deſormais, c’eſt là tout mon envie,

124 970 726 61 Et qu’avant qu’y manquer, je veux perdre la vie.

352 1088 339 60 ACTE II.

250 1142 539 68 SCENE I.

294 1197 451 62 ELISE, D. LOPE.

439 1252 156 47 ELISE.

244 1271 672 76 Out ce que fait le Prince, à parler franchement,

251 1327 665 58 N’eſt pas ce qui me donne un grand étonnement

143 1276 79 155 T

250 1363 660 60 Car que d’un noble amour une ame bien ſaiſie,

247 1404 590 54 En pouſſe les tranſport juſqu'à la jalouſie;

114 1442 751 57 Que de toutes frequents ſes vœux ſoyent traverſés,

111 1483 613 56 Il eſt fort naturel, & je l’approuve aſſez;

111 1523 798 55 Mais ce qui me ſurprend, Dom Lope, c’eſt d’entendre

111 1561 757 98 Que vous lui preparez les ſoupçons qu’il doit prendre,

840 1599 79 116 Que
