<?xml version="1.0" encoding="UTF-8"?>
<alto xmlns:xsi="http://www.w3.org/2001/XMLSchema-instance"
      xmlns="http://www.loc.gov/standards/alto/ns-v4#"
      xsi:schemaLocation="http://www.loc.gov/standards/alto/ns-v4# http://www.loc.gov/standards/alto/v4/alto-4-2.xsd">
  <Description>
    <MeasurementUnit>pixel</MeasurementUnit>
    <sourceImageInformation>
      <fileName>Scudery1641_Ibrahim_cb31341849n_corrected_0079.png</fileName>
    </sourceImageInformation>
  </Description>
  <Tags>
    <OtherTag ID="BT7" LABEL="CustomZone" DESCRIPTION="block type CustomZone"/><OtherTag ID="BT8" LABEL="DamageZone" DESCRIPTION="block type DamageZone"/><OtherTag ID="BT9" LABEL="DigitizationArtefactZone" DESCRIPTION="block type DigitizationArtefactZone"/><OtherTag ID="BT10" LABEL="DropCapitalZone" DESCRIPTION="block type DropCapitalZone"/><OtherTag ID="BT11" LABEL="GraphicZone" DESCRIPTION="block type GraphicZone"/><OtherTag ID="BT12" LABEL="MainZone" DESCRIPTION="block type MainZone"/><OtherTag ID="BT13" LABEL="MarginTextZone" DESCRIPTION="block type MarginTextZone"/><OtherTag ID="BT14" LABEL="MusicZone" DESCRIPTION="block type MusicZone"/><OtherTag ID="BT15" LABEL="NumberingZone" DESCRIPTION="block type NumberingZone"/><OtherTag ID="BT17" LABEL="QuireMarksZone" DESCRIPTION="block type QuireMarksZone"/><OtherTag ID="BT18" LABEL="RunningTitleZone" DESCRIPTION="block type RunningTitleZone"/><OtherTag ID="BT19" LABEL="SealZone" DESCRIPTION="block type SealZone"/><OtherTag ID="BT20" LABEL="StampZone" DESCRIPTION="block type StampZone"/><OtherTag ID="BT21" LABEL="TableZone" DESCRIPTION="block type TableZone"/><OtherTag ID="BT22" LABEL="TitlePageZone" DESCRIPTION="block type TitlePageZone"/><OtherTag ID="BT332" LABEL="Title" DESCRIPTION="block type Title"/><OtherTag ID="BT333" LABEL="Damage" DESCRIPTION="block type Damage"/><OtherTag ID="BT334" LABEL="Decoration" DESCRIPTION="block type Decoration"/><OtherTag ID="BT335" LABEL="Margin" DESCRIPTION="block type Margin"/><OtherTag ID="BT336" LABEL="Stamp" DESCRIPTION="block type Stamp"/><OtherTag ID="BT337" LABEL="DropCapital" DESCRIPTION="block type DropCapital"/><OtherTag ID="BT338" LABEL="Main" DESCRIPTION="block type Main"/><OtherTag ID="BT339" LABEL="Signatures" DESCRIPTION="block type Signatures"/><OtherTag ID="BT340" LABEL="RunningTitle" DESCRIPTION="block type RunningTitle"/><OtherTag ID="BT341" LABEL="Numbering" DESCRIPTION="block type Numbering"/>
    <OtherTag ID="LT7" LABEL="CustomLine" DESCRIPTION="line type CustomLine"/><OtherTag ID="LT8" LABEL="DefaultLine" DESCRIPTION="line type DefaultLine"/><OtherTag ID="LT9" LABEL="DropCapitalLine" DESCRIPTION="line type DropCapitalLine"/><OtherTag ID="LT10" LABEL="HeadingLine" DESCRIPTION="line type HeadingLine"/><OtherTag ID="LT11" LABEL="InterlinearLine" DESCRIPTION="line type InterlinearLine"/><OtherTag ID="LT12" LABEL="MusicLine" DESCRIPTION="line type MusicLine"/><OtherTag ID="LT210" LABEL="Default" DESCRIPTION="line type Default"/><OtherTag ID="LT211" LABEL="Rubric" DESCRIPTION="line type Rubric"/>
  </Tags>
  <Layout>
    <Page WIDTH="2479"
          HEIGHT="3508"
          PHYSICAL_IMG_NR="53"
          ID="eSc_dummypage_">
      <PrintSpace HPOS="0"
                  VPOS="0"
                  WIDTH="2479"
                  HEIGHT="3508">
        <TextBlock HPOS="316.0"
                   VPOS="361.0"
                   WIDTH="1603.0"
                   HEIGHT="2756.0"
                   ID="r_1_1"
                   TAGREFS="BT338">
          <Shape><Polygon POINTS="316 375 1919 361 1905 3117 330 3117"/></Shape>
          <TextLine ID="tl_2"
                    TAGREFS="LT210"
                    BASELINE="339 494 462 491 880 507 1010 477 1444 460 1886 441" 
                    HPOS="333"
                    VPOS="365"
                    WIDTH="1552"
                    HEIGHT="149">
            <Shape><Polygon POINTS="1496 365 1487 365 1461 382 1435 365 1365 365 1292 380 1254 368 1230 368 1198 385 1178 368 947 368 894 394 894 397 774 397 610 374 567 374 333 409 336 511 590 499 654 514 944 496 961 508 976 508 993 491 1046 505 1303 499 1362 482 1411 496 1420 496 1485 479 1736 491 1885 470 1885 438 1876 371 1531 380 1511 365 1496 365"/></Shape>
	    <String CONTENT="ſes d’heron, &amp; d’autant d’enſei¬"
                    HPOS="333"
                    VPOS="365"
                    WIDTH="1552"
                    HEIGHT="149"></String>
          </TextLine>
          <TextLine ID="tl_3"
                    TAGREFS="LT210"
                    BASELINE="339 684 549 630 699 627 1199 617 1249 614 1369 618 1475 606 1885 605" 
                    HPOS="327"
                    VPOS="488"
                    WIDTH="1555"
                    HEIGHT="204">
            <Shape><Polygon POINTS="336 681 339 692 441 660 526 672 540 654 707 651 771 675 783 675 833 643 976 643 1069 666 1157 634 1300 657 1713 643 1713 640 1730 625 1797 640 1882 619 1882 602 1873 508 1689 511 1660 488 1648 488 1563 511 1505 488 1496 488 1461 505 1429 491 1306 496 1213 534 1026 534 993 517 979 517 964 534 824 529 780 546 646 517 564 520 511 546 432 529 397 526 362 549 327 532 336 681"/></Shape>
	    <String CONTENT="gnes de pierreries: &amp; le harnois"
                    HPOS="327"
                    VPOS="488"
                    WIDTH="1555"
                    HEIGHT="204"></String>
          </TextLine>
          <TextLine ID="tl_4"
                    TAGREFS="LT210"
                    BASELINE="342 784 451 779 625 776 1013 784 1663 756 1886 737" 
                    HPOS="333"
                    VPOS="625"
                    WIDTH="1552"
                    HEIGHT="181">
            <Shape><Polygon POINTS="362 675 333 686 339 803 809 806 824 789 996 800 1885 760 1879 648 1745 625 1651 654 1470 640 1426 660 1388 648 1309 663 1248 643 1072 672 1064 672 991 648 912 651 888 678 871 678 716 657 707 657 684 686 561 686 529 663 517 663 423 689 382 669 362 675"/></Shape>
	    <String CONTENT="de ſon cheual, tout couuert d’é¬"
                    HPOS="333"
                    VPOS="625"
                    WIDTH="1552"
                    HEIGHT="181"></String>
          </TextLine>
          <TextLine ID="tl_5"
                    TAGREFS="LT210"
                    BASELINE="342 928 820 946 952 919 1108 912 1448 904 1570 903 1884 897" 
                    HPOS="339"
                    VPOS="786"
                    WIDTH="1543"
                    HEIGHT="161">
            <Shape><Polygon POINTS="339 947 953 944 976 926 1675 944 1879 923 1882 894 1879 812 1859 800 1850 800 1774 818 1768 815 1742 789 1742 786 1666 786 1631 815 1569 786 1487 786 1487 789 1461 812 1452 824 1426 824 1388 789 1388 786 1376 786 1318 800 1248 786 1198 809 1175 824 1084 824 1043 786 958 792 920 821 906 806 879 786 868 786 806 806 762 824 716 824 689 798 689 795 675 795 634 821 555 803 534 803 517 824 388 824 339 803 339 947"/></Shape>
	    <String CONTENT="meraudes, &amp; de rubis. Il eſtoit"
                    HPOS="339"
                    VPOS="786"
                    WIDTH="1543"
                    HEIGHT="161"></String>
          </TextLine>
          <TextLine ID="tl_6"
                    TAGREFS="LT210"
                    BASELINE="338 1072 559 1068 717 1067 963 1061 1133 1057 1569 1077 1717 1056 1881 1045" 
                    HPOS="333"
                    VPOS="935"
                    WIDTH="1546"
                    HEIGHT="155">
            <Shape><Polygon POINTS="654 938 593 955 532 938 523 938 467 961 429 935 418 935 336 961 336 1069 333 1078 1113 1075 1175 1090 1186 1090 1210 1075 1438 1075 1561 1090 1639 1075 1672 1090 1678 1090 1876 1072 1879 1043 1873 950 1780 935 1771 935 1724 964 1628 935 1616 935 1616 938 1601 950 1587 967 1487 967 1447 935 1312 953 1236 935 1224 935 1183 967 1067 967 1058 955 1037 938 1037 935 932 935 932 938 900 967 707 967 701 958 678 938 654 938"/></Shape>
	    <String CONTENT="ſuiui de tous les Baſſas, &amp; de"
                    HPOS="333"
                    VPOS="935"
                    WIDTH="1546"
                    HEIGHT="155"></String>
          </TextLine>
          <TextLine ID="tl_7"
                    TAGREFS="LT210"
                    BASELINE="336 1216 533 1215 669 1211 1249 1202 1877 1209" 
                    HPOS="330"
                    VPOS="1072"
                    WIDTH="1546"
                    HEIGHT="173">
            <Shape><Polygon POINTS="1528 1075 1295 1075 1216 1113 1110 1113 1096 1096 1075 1078 1075 1075 985 1093 879 1075 836 1113 798 1113 713 1075 704 1075 619 1110 610 1107 564 1075 549 1075 496 1113 330 1113 333 1236 578 1221 678 1236 695 1236 736 1224 757 1242 765 1245 885 1245 885 1242 891 1242 891 1239 912 1221 1277 1221 1327 1236 1338 1236 1356 1224 1382 1242 1397 1242 1423 1221 1458 1239 1467 1239 1496 1224 1525 1239 1534 1239 1566 1224 1628 1239 1809 1219 1870 1230 1876 1207 1868 1081 1794 1107 1727 1072 1716 1072 1716 1075 1686 1102 1660 1087 1648 1087 1587 1110 1528 1075"/></Shape>
	    <String CONTENT="tous les Beglierbeis de l’Empire,"
                    HPOS="330"
                    VPOS="1072"
                    WIDTH="1546"
                    HEIGHT="173"></String>
          </TextLine>
          <TextLine ID="tl_8"
                    TAGREFS="LT210"
                    BASELINE="337 1362 586 1362 1002 1350 1180 1351 1574 1346 1888 1368" 
                    HPOS="333"
                    VPOS="1221"
                    WIDTH="1552"
                    HEIGHT="173">
            <Shape><Polygon POINTS="336 1359 336 1394 485 1373 505 1388 634 1391 660 1373 879 1391 953 1368 1034 1368 1055 1385 1055 1388 1067 1388 1131 1368 1397 1368 1432 1391 1444 1391 1479 1373 1569 1388 1645 1368 1809 1368 1876 1391 1885 1365 1882 1239 1765 1221 1716 1254 1683 1227 1683 1224 1613 1221 1572 1254 1508 1221 1496 1221 1458 1254 1397 1221 1315 1239 1219 1221 1219 1224 1181 1259 1075 1259 1052 1239 1040 1239 1002 1251 991 1251 938 1221 926 1221 903 1248 824 1257 777 1221 678 1239 640 1221 628 1221 628 1224 593 1259 333 1259 336 1359"/></Shape>
	    <String CONTENT="apres leſquels vn Boluch Baſſi,"
                    HPOS="333"
                    VPOS="1221"
                    WIDTH="1552"
                    HEIGHT="173"></String>
          </TextLine>
          <TextLine ID="tl_9"
                    TAGREFS="LT210"
                    BASELINE="339 1508 787 1504 867 1504 969 1501 1213 1495 1343 1491 1605 1489 1887 1489" 
                    HPOS="333"
                    VPOS="1371"
                    WIDTH="1552"
                    HEIGHT="152">
            <Shape><Polygon POINTS="336 1505 336 1523 1885 1523 1882 1371 1727 1371 1686 1403 1485 1403 1458 1376 1458 1373 1382 1373 1318 1403 1289 1388 1268 1373 1257 1373 1183 1406 1137 1376 1125 1376 1061 1409 991 1409 958 1379 958 1376 812 1379 777 1411 654 1411 590 1382 578 1382 578 1385 549 1414 333 1414 336 1505"/></Shape>
	    <String CONTENT="marchoit à la teſte de deux mille"
                    HPOS="333"
                    VPOS="1371"
                    WIDTH="1552"
                    HEIGHT="152"></String>
          </TextLine>
          <TextLine ID="tl_10"
                    TAGREFS="LT210"
                    BASELINE="338 1652 869 1678 1081 1644 1514 1636 1666 1636 1888 1614" 
                    HPOS="336"
                    VPOS="1523"
                    WIDTH="1549"
                    HEIGHT="157">
            <Shape><Polygon POINTS="1873 1523 1794 1543 1704 1523 1616 1552 1587 1523 1520 1523 1455 1555 1397 1523 1382 1523 1321 1555 1181 1525 1134 1561 692 1561 660 1525 567 1525 514 1561 450 1561 336 1528 336 1651 339 1675 368 1663 429 1677 456 1675 488 1666 999 1680 1075 1660 1099 1677 1099 1680 1113 1680 1113 1677 1131 1663 1368 1675 1388 1657 1683 1657 1716 1672 1724 1672 1762 1657 1794 1672 1800 1672 1882 1654 1885 1613 1873 1523"/></Shape>
	    <String CONTENT="Ianiſſaires, qui eſtoient les der¬"
                    HPOS="336"
                    VPOS="1523"
                    WIDTH="1549"
                    HEIGHT="157"></String>
          </TextLine>
          <TextLine ID="tl_11"
                    TAGREFS="LT210"
                    BASELINE="331 1798 608 1798 1210 1787 1478 1784 1892 1783" 
                    HPOS="327"
                    VPOS="1663"
                    WIDTH="1564"
                    HEIGHT="178">
            <Shape><Polygon POINTS="330 1797 330 1818 400 1838 409 1838 479 1818 572 1832 663 1815 780 1838 783 1841 944 1841 944 1838 950 1838 991 1809 1069 1835 1078 1835 1137 1812 1189 1832 1198 1832 1245 1812 1642 1830 1721 1800 1771 1827 1841 1812 1885 1824 1891 1780 1882 1677 1838 1686 1812 1663 1739 1663 1739 1666 1707 1695 1631 1695 1601 1669 1601 1666 1487 1666 1449 1695 1318 1675 1268 1698 1210 1669 1204 1669 1116 1672 1116 1675 1087 1701 760 1689 745 1704 736 1707 625 1707 608 1686 596 1686 534 1707 388 1680 327 1707 330 1797"/></Shape>
	    <String CONTENT="nieres trouppes, de cette ſuperbe"
                    HPOS="327"
                    VPOS="1663"
                    WIDTH="1564"
                    HEIGHT="178"></String>
          </TextLine>
          <TextLine ID="tl_12"
                    TAGREFS="LT210"
                    BASELINE="339 1942 655 1939 953 1941 1153 1935 1279 1936 1889 1931" 
                    HPOS="333"
                    VPOS="1812"
                    WIDTH="1555"
                    HEIGHT="170">
            <Shape><Polygon POINTS="336 1941 336 1958 616 1958 684 1982 821 1982 821 1979 827 1979 856 1958 865 1955 953 1958 970 1979 1072 1976 1072 1973 1099 1952 1219 1976 1344 1952 1441 1970 1549 1949 1885 1961 1888 1929 1879 1832 1777 1838 1689 1812 1514 1841 1482 1815 1373 1815 1347 1835 1335 1824 1321 1824 1321 1827 1300 1847 1224 1847 1128 1818 1119 1818 1067 1838 1052 1824 1037 1824 1002 1850 780 1850 780 1847 751 1824 751 1821 689 1821 637 1847 610 1824 537 1824 508 1850 435 1830 426 1830 333 1853 336 1941"/></Shape>
	    <String CONTENT="entrée. Apres que ce merueilleux"
                    HPOS="333"
                    VPOS="1812"
                    WIDTH="1555"
                    HEIGHT="170"></String>
          </TextLine>
          <TextLine ID="tl_13"
                    TAGREFS="LT210"
                    BASELINE="340 2086 804 2086 1008 2082 1214 2081 1346 2079 1602 2077 1762 2076 1888 2075" 
                    HPOS="336"
                    VPOS="1961"
                    WIDTH="1549"
                    HEIGHT="164">
            <Shape><Polygon POINTS="339 2084 339 2107 485 2101 505 2116 517 2116 549 2101 572 2122 581 2125 748 2125 748 2122 795 2101 891 2119 929 2098 1029 2116 1096 2098 1280 2119 1300 2104 1409 2116 1467 2096 1572 2116 1727 2096 1800 2113 1832 2116 1856 2098 1873 2113 1885 2072 1879 1961 1654 1961 1622 1990 1525 1990 1485 1961 1473 1961 1379 1990 1295 1964 1201 1982 1043 1964 1011 1993 736 1993 710 1970 710 1967 567 1993 336 1987 339 2084"/></Shape>
	    <String CONTENT="triomphe eut fait le tour de la"
                    HPOS="336"
                    VPOS="1961"
                    WIDTH="1549"
                    HEIGHT="164"></String>
          </TextLine>
          <TextLine ID="tl_14"
                    TAGREFS="LT210"
                    BASELINE="333 2274 584 2232 756 2229 1506 2252 1760 2222 1904 2221" 
                    HPOS="327"
                    VPOS="2104"
                    WIDTH="1576"
                    HEIGHT="170">
            <Shape><Polygon POINTS="330 2271 330 2274 473 2253 537 2274 552 2274 596 2253 777 2253 844 2271 853 2271 909 2253 967 2274 1137 2253 1189 2253 1216 2274 1368 2253 1490 2274 1903 2253 1897 2110 1797 2104 1777 2128 1601 2139 1411 2125 1338 2139 1312 2119 1295 2116 1216 2139 1166 2104 1151 2104 1099 2139 1072 2125 1011 2136 979 2107 979 2104 891 2119 877 2107 877 2104 689 2104 634 2142 549 2142 380 2104 327 2131 330 2271"/></Shape>
	    <String CONTENT="place de l’Hipodrome, tout ſe"
                    HPOS="327"
                    VPOS="2104"
                    WIDTH="1576"
                    HEIGHT="170"></String>
          </TextLine>
          <TextLine ID="tl_15"
                    TAGREFS="LT210"
                    BASELINE="340 2376 663 2378 735 2379 1013 2374 1127 2380 1203 2373 1633 2397 1781 2372 1893 2369" 
                    HPOS="336"
                    VPOS="2248"
                    WIDTH="1555"
                    HEIGHT="175">
            <Shape><Polygon POINTS="336 2397 567 2408 663 2394 692 2408 701 2408 762 2388 803 2408 815 2408 841 2391 976 2405 1034 2388 1148 2417 1151 2420 1292 2420 1292 2417 1403 2394 1455 2408 1534 2400 1575 2420 1584 2420 1637 2400 1663 2423 1675 2423 1739 2400 1888 2400 1891 2367 1888 2277 1683 2262 1642 2300 1604 2300 1569 2268 1429 2259 1373 2286 1257 2271 1242 2277 1216 2294 1175 2264 1064 2259 1052 2259 1052 2262 1026 2288 920 2288 809 2250 800 2250 742 2274 707 2248 695 2248 613 2286 532 2286 502 2265 488 2265 470 2280 470 2283 339 2283 339 2373"/></Shape>
	    <String CONTENT="rengea à droit &amp; à gauche, &amp; le"
                    HPOS="336"
                    VPOS="2248"
                    WIDTH="1555"
                    HEIGHT="175"></String>
          </TextLine>
          <TextLine ID="tl_16"
                    TAGREFS="LT210"
                    BASELINE="340 2524 648 2524 812 2524 1214 2523 1482 2516 1580 2515 1891 2543" 
                    HPOS="336"
                    VPOS="2397"
                    WIDTH="1552"
                    HEIGHT="166">
            <Shape><Polygon POINTS="339 2522 336 2546 979 2540 1002 2552 1023 2557 1169 2537 1207 2560 1216 2560 1365 2540 1423 2563 1534 2543 1882 2552 1888 2540 1888 2443 1657 2411 1648 2411 1604 2438 1599 2438 1426 2408 1420 2408 1365 2435 1105 2411 1096 2411 1069 2432 1029 2408 1017 2408 993 2429 985 2432 762 2432 757 2423 733 2400 669 2400 628 2429 511 2429 505 2420 482 2400 482 2397 470 2397 418 2423 371 2402 362 2402 339 2414 339 2522"/></Shape>
	    <String CONTENT="Sultan fut mettre pied à terre,"
                    HPOS="336"
                    VPOS="2397"
                    WIDTH="1552"
                    HEIGHT="166"></String>
          </TextLine>
          <TextLine ID="tl_17"
                    TAGREFS="LT210"
                    BASELINE="345 2666 554 2668 760 2669 1088 2668 1228 2667 1480 2704 1891 2641" 
                    HPOS="339"
                    VPOS="2525"
                    WIDTH="1549"
                    HEIGHT="184">
            <Shape><Polygon POINTS="1794 2534 1736 2528 1733 2525 1707 2554 1543 2528 1543 2531 1508 2563 1324 2566 1300 2549 1300 2546 1175 2537 1110 2578 996 2581 926 2546 754 2552 713 2584 692 2569 517 2563 488 2581 447 2563 339 2563 344 2698 853 2686 1055 2709 1090 2683 1201 2680 1233 2701 1411 2704 1888 2671 1888 2639 1876 2552 1794 2534"/></Shape>
	    <String CONTENT="dans vne Tente de drap d’orfri¬"
                    HPOS="339"
                    VPOS="2525"
                    WIDTH="1549"
                    HEIGHT="184"></String>
          </TextLine>
          <TextLine ID="tl_18"
                    TAGREFS="LT210"
                    BASELINE="340 2812 457 2839 659 2814 863 2816 1141 2811 1493 2810 1741 2806 1891 2805" 
                    HPOS="336"
                    VPOS="2680"
                    WIDTH="1552"
                    HEIGHT="173">
            <Shape><Polygon POINTS="1558 2689 1525 2695 1487 2712 1455 2698 1411 2692 1356 2686 1312 2689 1259 2715 1204 2686 1192 2686 1157 2718 1102 2721 809 2721 739 2692 625 2692 546 2724 491 2724 450 2695 441 2695 336 2709 339 2835 561 2853 602 2835 806 2850 853 2832 862 2832 915 2847 926 2847 941 2832 1251 2844 1324 2829 1350 2829 1619 2841 1888 2823 1882 2704 1830 2709 1765 2680 1754 2680 1754 2683 1730 2704 1584 2686 1558 2689"/></Shape>
	    <String CONTENT="ſé, que l&#x27;on auoit dreſſée ſous les"
                    HPOS="336"
                    VPOS="2680"
                    WIDTH="1552"
                    HEIGHT="173"></String>
          </TextLine>
          <TextLine ID="tl_19"
                    TAGREFS="LT210"
                    BASELINE="341 2954 754 2963 918 2961 1046 2960 1482 2960 1880 2951" 
                    HPOS="336"
                    VPOS="2835"
                    WIDTH="1543"
                    HEIGHT="152">
            <Shape><Polygon POINTS="339 2952 339 2973 1534 2987 1601 2973 1675 2987 1695 2987 1777 2973 1873 2987 1879 2949 1868 2847 1806 2870 1648 2870 1610 2838 1546 2835 1546 2838 1537 2844 1514 2870 1297 2870 1245 2841 1230 2835 1219 2835 1219 2838 1213 2841 1189 2867 1131 2841 1119 2841 1119 2844 1093 2870 1061 2870 1029 2838 1026 2838 1026 2835 944 2835 882 2867 824 2835 812 2835 771 2870 657 2870 570 2835 555 2835 496 2867 336 2835 339 2952"/></Shape>
	    <String CONTENT="feneſtres de la Sultane Reine."
                    HPOS="336"
                    VPOS="2835"
                    WIDTH="1543"
                    HEIGHT="152"></String>
          </TextLine>
          <TextLine ID="tl_20"
                    TAGREFS="LT210"
                    BASELINE="353 3098 544 3105 686 3107 1012 3108 1152 3105 1276 3106 1584 3097 1889 3077" 
                    HPOS="347"
                    VPOS="2970"
                    WIDTH="1541"
                    HEIGHT="193">
            <Shape><Polygon POINTS="350 3095 350 3139 660 3151 757 3133 912 3163 996 3133 1037 3160 1046 3163 1186 3163 1186 3160 1297 3136 1321 3157 1482 3154 1549 3127 1619 3145 1631 3145 1660 3125 1689 3139 1695 3139 1885 3119 1888 3075 1882 2999 1792 2999 1792 2996 1759 2970 1748 2970 1695 2996 1683 3005 1391 3005 1315 2978 1303 2978 1265 3005 1219 2978 1210 2978 1157 2999 1017 2981 850 3016 800 2987 727 2987 678 3019 619 2990 444 3016 347 2996 350 3095"/></Shape>
	    <String CONTENT="tous les Grãds de la Porte reſte¬"
                    HPOS="347"
                    VPOS="2970"
                    WIDTH="1541"
                    HEIGHT="193"></String>
          </TextLine>
        </TextBlock>
        <TextBlock HPOS="641.0"
                   VPOS="202.0"
                   WIDTH="856.0"
                   HEIGHT="160.0"
                   ID="eSc_textblock_17c0d325"
                   TAGREFS="BT340">
          <Shape><Polygon POINTS="641 202 641 362 1497 362 1497 202"/></Shape>
          <TextLine ID="tl_1"
                    TAGREFS="LT210"
                    BASELINE="666 319 977 321 1493 316 1518 317" 
                    HPOS="660"
                    VPOS="204"
                    WIDTH="857"
                    HEIGHT="155">
            <Shape><Polygon POINTS="742 204 660 204 663 347 1072 359 1143 344 1166 342 1181 344 1221 359 1230 359 1283 342 1333 359 1344 359 1344 356 1359 344 1514 344 1517 315 1514 228 1458 210 1359 230 1338 213 1213 222 1119 207 1029 230 958 210 947 210 947 213 923 228 900 210 885 210 774 230 742 204"/></Shape>
	    <String CONTENT="Liure premier."
                    HPOS="660"
                    VPOS="204"
                    WIDTH="857"
                    HEIGHT="155"></String>
          </TextLine>
        </TextBlock>
        <TextBlock HPOS="1762.0"
                   VPOS="209.0"
                   WIDTH="132.0"
                   HEIGHT="174.0"
                   ID="eSc_textblock_3f12d077"
                   TAGREFS="BT341">
          <Shape><Polygon POINTS="1762 209 1762 383 1894 383 1894 209"/></Shape>
          <TextLine ID="eSc_line_494e56a0"
                    TAGREFS="LT210"
                    BASELINE="1748 330 1889 337" 
                    HPOS="1742"
                    VPOS="216"
                    WIDTH="146"
                    HEIGHT="137">
            <Shape><Polygon POINTS="1742 336 1882 353 1888 336 1887 245 1818 216 1815 216 1812 216 1809 216 1748 228 1745 327"/></Shape>
	    <String CONTENT="13"
                    HPOS="1742"
                    VPOS="216"
                    WIDTH="146"
                    HEIGHT="137"></String>
          </TextLine>
        </TextBlock>
      </PrintSpace>
    </Page>
  </Layout>
</alto>
