2479 3508
806 55 845 158 PREFACE.

409 207 1695 181 dãt que ie parle de la bien-ſcean¬

400 353 1704 202 ce, il eſt a propos de vous dire (de

403 517 1698 172 peur qu'on ne m'accuſe d’ẽ man¬

397 672 1707 196 quer) que ſi vous voyez par tout

412 821 1684 202 mon Ouurage, quand on parle à

397 970 1693 196 Soliman; ta Hauteſſe, ta Ma¬

394 1134 1699 187 ieſté; & qu'enfin on le traitte de

394 1271 1710 228 Toy, & non pas de Vous: ce n'eſt

380 1447 1710 187 pas à faute de reſpect, mais au

377 1610 1701 170 contraire, c'eſt pour en auoir da¬

380 1759 1707 193 vantage: & pour marquer la

380 1914 1683 187 couſtume de ces peuples, qui par¬

374 2055 1713 204 lent ainſi à leurs Souverains. que

347 2215 1737 193 ſi l'authorité des viuans,

356 2391 1728 169 peut auoir autant de force que

368 2546 1713 158 celle des morts, vous en trouve¬

371 2689 1707 193 rez des exemples, dans nos plus

333 2850 1745 184 fameux Romans: & vous ver¬

359 3005 1719 178 rez que leurs Autheurs, n’ont

333 3160 1736 219 pas craint d’employer dans la
