2479 3508
616 397 1497 170 phe. Apres que toutes ces

616 514 1500 184 Troupes liberales furent paſ¬

616 672 1503 172 ſées, comme la Turquie eſt le

619 812 1497 170 lieu du monde, où il y a le

616 958 1500 182 plus de Baſteleurs, il en parut

613 1105 1503 181 plus de deux mille, qui firent

622 1254 1497 163 en la preſence du grand Sei¬

616 1391 1503 196 gneur, tout ce que la ſubtilité

622 1555 1497 152 des mains, & tout ce que l'a¬

619 1680 1500 193 dreſſe & la force du corps, peu¬

622 1835 1497 167 uent naturellement permet¬

625 1973 1494 172 tre aux hommes. L’on vid pa¬

631 2131 1491 157 roiſtre en ſuite vne grande

628 2268 1494 172 machine qui repreſentoit la

625 2414 1497 164 ville de Tauris, & dont les

625 2557 1503 170 Tours eſtoient couuertes des

631 2707 1497 166 drapeaux des Perſes, que l'on

631 2853 1494 172 reconnoiſſoit à leur ancienne

631 2987 1497 219 Image du Soleil qu'ils auoient

616 254 161 137 18

976 230 889 179 L'Illuſtre Baſſa
