2479 3508
426 353 1564 176 bales, veſtus de caſaques de da¬

423 494 1570 172 mas d’or en broderie, parurent

423 631 1564 178 les premiers dans la place de

420 786 1567 167 l’Hipodrome, & firent eſclatter

415 923 1575 202 par toute la ville, l’harmonie

423 1075 1564 196 guerriere, de leurs inſtruments

426 1224 1558 161 d’argent. Ils furent ſuiuis de

426 1368 1564 163 deux mille Archers à cheual,

420 1520 1570 163 auec des veſtes de ſatin incar¬

418 1672 1575 149 nat, couuertes de paſſement d’or,

420 1809 1570 170 l’Arc d’Ebene à la main gauche,

423 1958 1564 158 & le carquois d’yuoire pẽdu en

418 2107 1566 161 eſcharpe. Cinquante joüeurs de

412 2259 1575 149 Hautsbois, & cinquante joüeurs

415 2394 1567 163 de Cimbales, ſuiuirent cette

415 2540 1564 187 premiere trouppe, veſtus à la

423 2686 1559 161 Grecque de velours bleu en bro¬

415 2823 1564 179 derie d’argent. L’Aga des Ianiſ¬

415 2975 1567 208 ſaires marchoit ſeul à pied

1444 3125 272 195 A iij

713 187 915 155 Liure Premier.

1917 220 85 139 5
