2479 3508
409 388 1564 193 le premier rang: celuy de l'Em¬

406 526 1564 198 pereur le ſecond; & ceux d'Eſpa¬

403 686 1564 164 gne & de Pologne furent aſſis

403 838 1564 164 apres eux: & apres eux, les Bailes

403 967 1561 176 de Veniſe de Rhaguſe. Mais

406 1113 1558 199 ceux des Princes Mahometans,

400 1274 1561 167 comme eſtant de meſme crean¬

403 1417 1555 173 ce que Soliman eurent la gau¬

391 1555 1567 181 che, qui parmi les Turcs eſt tou¬

385 1692 1573 214 ſiours la place d’honneur: celuy

388 1862 1570 172 des Tartares y parut auec vne

388 2020 1567 157 põpe barbare, & couuert d’vne

388 2154 1564 170 coiffure & d’vne robe de Mar¬

385 2280 1564 193 thres Zebelines, toute ſa ſuitte

385 2435 1564 181 veſtuë de peaux d’Ours, de Re¬

382 2581 1564 204 nards, de Loups, & de Tigres: &

374 2733 1570 181 ceux de Maroc & de Fez s'y firẽt

371 2905 1567 158 voir, auec toute la magnificen¬

371 3031 1564 222 ce, & toute la galanterie, donc

1444 3212 222 176 A ij

713 225 894 181 Liure premier.

1908 307 82 108 3
