2479 3508
347 394 1518 152 mon pere, vouloit encor qu'il

350 523 1509 187 paſſaſt ſa vie en vne priſon

355 687 1504 160 perpetuelle, & la perſonne

353 821 1509 161 qu’il auoit eſpouſée dans vne

344 976 1518 164 autre, de peur que demeurant

347 1102 1506 198 enſemble & ayãt des enfants,

347 1257 1506 169 cela ne puſt vn iour cauſer des

347 1394 1506 178 deſordres à l’Eſtat. Mon pere

342 1563 1511 155 ſe voyant en vne fortune ſi pi¬

344 1710 1506 166 toyable, n’entreprit point de

344 1838 1506 176 toucher le coeur de Tachmas

339 2002 1514 190 par prieres & par ſumiſſions;

333 2154 1523 164 mais au contraire, il luy en¬

336 2300 1520 164 uoya dire que ne meritant pas

342 2438 1505 166 d'eſtre ſerui par vn homme de

342 2549 1508 210 ſon courage, & de ſa valeur, il

336 2715 1517 196 ſortoit de ſes Eſtats, auec in¬

339 2882 1511 181 tention de n'y rentrer iamais,

339 3025 1508 211 que pour y porter la guerre.

613 222 860 172 Liure premier.

1707 245 158 155 41
