2479 3508
900 105 810 134 PREFACE.

458 257 1676 155 que ſcay-ie, ſi dans ces euenemens

456 397 1683 167 la fortune n'a point fait autãt que

458 543 1678 179 luy? ſi ſa valeur n'eſt point vne

456 692 1683 173 valeur brutale? & s’il a ſouffert

458 847 1673 164 en honneſte homme, les malheurs

461 993 1675 196 qui luy ſont arriueZ ce n'eſt point

447 1154 1687 176 par les choſes de dehors; ce n'eſt

447 1309 1684 176 point par les caprices du destin,

456 1455 1680 196 que ie veux iuger de luy; c'eſt par

461 1622 1675 164 les mouuemens de ſon ame, & par

456 1765 1680 170 les choſes qu'il dit: i'honnore tous

461 1926 1667 164 ceux qui eſcriuent auiourd’huy,

458 2078 1678 164 ie connoy leur perſonne, leur ou¬

456 2215 1680 185 urage, & leur merite: mais com¬

461 2376 1673 176 me l'apotheoſe n'eſt que pour les

464 2540 1672 158 morts, ils ne trouueront pas mau¬

461 2692 1678 167 uais, que ie ne les deifie pas puis

458 2829 1687 184 qu’ils viuent : & qu'en cette occa¬

438 2987 1698 199 ſion, ie ne propoſe pour exemple,

461 3142 1687 216 que le grand & l’incomparable
