2479 3508
391 344 1497 150 Elle repreſentoit certains

394 491 1494 155 Chreſtiens, qui viuants ſous

382 628 1497 178 l’Empire du Sophi, auoient

380 757 1511 190 creu eſtre obligez de deffen¬

380 932 1508 170 dre ce Prince, quoy qu’il ne

377 1069 1514 170 fuſt pas de leur Religion: & en

382 1216 1503 178 effet auoient combatu ſi ge¬

380 1359 1508 181 nereuſement pour luy, qu’ils

377 1514 1517 155 auoient eſté les premiers à la

365 1645 1526 193 guerre, & toutesfois les der¬

371 1812 1520 146 niers vaincus. Cette feinte

371 1955 1523 158 troupe auoit ordre du Baſſa de

374 2096 1517 178 la Mer, de reſiſter quelque

377 2245 1523 157 temps à celle des Turcs, qui

374 2391 1529 149 ſortit à l’heure meſme de la

380 2537 1523 152 ville, & de ſe laiſſer vaincre

385 2689 1512 158 en ſuite. Et ceux qui eſtoient

377 2826 1523 173 habillez à la Turque, auoient

391 2990 1512 170 commandement de les en¬

1350 3145 319 167 B iiij

651 187 851 172 Liure premier.

1756 210 135 137 23
