2479 3508
950 35 812 160 PREFACE.

423 169 1754 234 ſçay qu'il eſt de ce trauail, comme

450 344 1727 176 des ſciences mathematiques, où

444 488 1739 201 l'operation peut manquer, quoy

450 654 1733 199 que l’art ne manque iamais. außi

450 806 1739 193 ne fay-je ce diſcours, que pour

453 958 1733 199 vous montrer que ſi i'ay laißé des

423 1113 1763 217 fautes en mon liure, elles ſont vn

458 1277 1719 190 effect de ma foibleſſe, & non pas

456 1444 1721 172 de ma negligence. Souffrez donc

456 1590 1727 193 que ie vous deſcouure tous les

450 1756 1733 179 reſſorts de cette machine; & que

450 1920 1736 170 ie vous face voir, ſinon tout ce

458 2087 1731 172 que i'ay fait, au moins tout ce que

458 2230 962 181 i’ay taché de faire.

599 2385 1587 175 Comme nous ne pouuons eſtre

429 2531 1751 190 ſçauans, que de ce que les autres

461 2701 1719 181 nous enſeignent; Et que c'eſt à ce¬

461 2847 1722 199 luy qui vient le dernier, a ſuiure

467 3016 1719 173 ceux qui le deuancent: l’ay creu

467 3157 1716 228 que pour dreßer le plan de cet ou¬

1596 3347 266 158 ẽ iiij
