2479 3508
760 248 824 146 Liure premier.

464 382 1465 161 tous. Elle eſtoit ſuiuie de deux

461 517 1468 158 cents Eſclaues du Baſſa de la

458 669 1465 137 Mer, la moitié armez à la Tur¬

444 800 1473 185 que, & la moitié à la Perſien¬

444 961 1470 149 ne, auec des Cimeterres & des

438 1084 1468 190 Boucliers d’argent, qui au ſon

444 1239 1473 155 de cinquante Haubois dan¬

438 1382 1465 161 çoient ce que les Grecs nom¬

429 1520 1479 172 moient dance Pirrhique, &

429 1666 1477 166 ce que l'on peut nommer vne

432 1812 1471 167 dance armée. Les coups y eſ¬

426 1944 1471 172 toient donnez & receus en

420 2072 1471 190 cadence, le changement des

418 2227 1470 173 figures y repreſentoit les ad¬

409 2364 1473 182 uantages & la fuite qui ſuit

412 2499 1467 178 les combats; & le bruit des

412 2616 1464 240 Boucliers & des Cimeterres,

409 2791 1461 199 marquoit la meſure des pas,

403 2937 1467 199 auec autant de iuſteſſe que les

1423 3107 222 181 B ij

1786 297 148 126 19
