<?xml version="1.0" encoding="UTF-8"?>
<alto xmlns:xsi="http://www.w3.org/2001/XMLSchema-instance"
      xmlns="http://www.loc.gov/standards/alto/ns-v4#"
      xsi:schemaLocation="http://www.loc.gov/standards/alto/ns-v4# http://www.loc.gov/standards/alto/v4/alto-4-2.xsd">
  <Description>
    <MeasurementUnit>pixel</MeasurementUnit>
    <sourceImageInformation>
      <fileName>Scudery1641_Ibrahim_cb31341849n_corrected_0088.png</fileName>
    </sourceImageInformation>
  </Description>
  <Tags>
    <OtherTag ID="BT7" LABEL="CustomZone" DESCRIPTION="block type CustomZone"/><OtherTag ID="BT8" LABEL="DamageZone" DESCRIPTION="block type DamageZone"/><OtherTag ID="BT9" LABEL="DigitizationArtefactZone" DESCRIPTION="block type DigitizationArtefactZone"/><OtherTag ID="BT10" LABEL="DropCapitalZone" DESCRIPTION="block type DropCapitalZone"/><OtherTag ID="BT11" LABEL="GraphicZone" DESCRIPTION="block type GraphicZone"/><OtherTag ID="BT12" LABEL="MainZone" DESCRIPTION="block type MainZone"/><OtherTag ID="BT13" LABEL="MarginTextZone" DESCRIPTION="block type MarginTextZone"/><OtherTag ID="BT14" LABEL="MusicZone" DESCRIPTION="block type MusicZone"/><OtherTag ID="BT15" LABEL="NumberingZone" DESCRIPTION="block type NumberingZone"/><OtherTag ID="BT17" LABEL="QuireMarksZone" DESCRIPTION="block type QuireMarksZone"/><OtherTag ID="BT18" LABEL="RunningTitleZone" DESCRIPTION="block type RunningTitleZone"/><OtherTag ID="BT19" LABEL="SealZone" DESCRIPTION="block type SealZone"/><OtherTag ID="BT20" LABEL="StampZone" DESCRIPTION="block type StampZone"/><OtherTag ID="BT21" LABEL="TableZone" DESCRIPTION="block type TableZone"/><OtherTag ID="BT22" LABEL="TitlePageZone" DESCRIPTION="block type TitlePageZone"/><OtherTag ID="BT332" LABEL="Title" DESCRIPTION="block type Title"/><OtherTag ID="BT333" LABEL="Damage" DESCRIPTION="block type Damage"/><OtherTag ID="BT334" LABEL="Decoration" DESCRIPTION="block type Decoration"/><OtherTag ID="BT335" LABEL="Margin" DESCRIPTION="block type Margin"/><OtherTag ID="BT336" LABEL="Stamp" DESCRIPTION="block type Stamp"/><OtherTag ID="BT337" LABEL="DropCapital" DESCRIPTION="block type DropCapital"/><OtherTag ID="BT338" LABEL="Main" DESCRIPTION="block type Main"/><OtherTag ID="BT339" LABEL="Signatures" DESCRIPTION="block type Signatures"/><OtherTag ID="BT340" LABEL="RunningTitle" DESCRIPTION="block type RunningTitle"/><OtherTag ID="BT341" LABEL="Numbering" DESCRIPTION="block type Numbering"/>
    <OtherTag ID="LT7" LABEL="CustomLine" DESCRIPTION="line type CustomLine"/><OtherTag ID="LT8" LABEL="DefaultLine" DESCRIPTION="line type DefaultLine"/><OtherTag ID="LT9" LABEL="DropCapitalLine" DESCRIPTION="line type DropCapitalLine"/><OtherTag ID="LT10" LABEL="HeadingLine" DESCRIPTION="line type HeadingLine"/><OtherTag ID="LT11" LABEL="InterlinearLine" DESCRIPTION="line type InterlinearLine"/><OtherTag ID="LT12" LABEL="MusicLine" DESCRIPTION="line type MusicLine"/><OtherTag ID="LT210" LABEL="Default" DESCRIPTION="line type Default"/><OtherTag ID="LT211" LABEL="Rubric" DESCRIPTION="line type Rubric"/>
  </Tags>
  <Layout>
    <Page WIDTH="2479"
          HEIGHT="3508"
          PHYSICAL_IMG_NR="62"
          ID="eSc_dummypage_">
      <PrintSpace HPOS="0"
                  VPOS="0"
                  WIDTH="2479"
                  HEIGHT="3508">
        <TextBlock HPOS="508.0"
                   VPOS="272.0"
                   WIDTH="160.0"
                   HEIGHT="139.0"
                   ID="eSc_textblock_ca27f6f2"
                   TAGREFS="BT341">
          <Shape><Polygon POINTS="508 272 508 411 668 411 668 272"/></Shape>
          <TextLine ID="tl_1"
                    TAGREFS="LT210"
                    BASELINE="517 383 579 383 682 378" 
                    HPOS="508"
                    VPOS="268"
                    WIDTH="173"
                    HEIGHT="117">
            <Shape><Polygon POINTS="654 274 625 274 605 274 508 280 514 382 514 385 681 385 681 377 669 268 654 268 654 274"/></Shape>
	    <String CONTENT="22"
                    HPOS="508"
                    VPOS="268"
                    WIDTH="173"
                    HEIGHT="117"></String>
          </TextLine>
        </TextBlock>
        <TextBlock HPOS="884.0"
                   VPOS="209.0"
                   WIDTH="871.0"
                   HEIGHT="209.0"
                   ID="eSc_textblock_c55901e1"
                   TAGREFS="BT340">
          <Shape><Polygon POINTS="884 209 884 418 1755 418 1755 209"/></Shape>
          <TextLine ID="eSc_line_fc7c9409"
                    TAGREFS="LT210"
                    BASELINE="877 369 1005 363 1387 359 1749 357" 
                    HPOS="871"
                    VPOS="210"
                    WIDTH="877"
                    HEIGHT="199">
            <Shape><Polygon POINTS="1485 210 1423 213 1373 248 1300 248 1265 222 1251 222 1219 248 1160 248 1087 213 1011 230 871 213 874 382 979 380 1031 397 1040 397 1099 380 1157 409 1224 409 1224 406 1230 406 1277 377 1356 403 1368 403 1391 385 1409 400 1420 400 1493 382 1537 406 1637 406 1637 403 1748 377 1745 242 1572 242 1561 233 1505 210 1485 210"/></Shape>
	    <String CONTENT="L&#x27;Illuſtre Baſſa"
                    HPOS="871"
                    VPOS="210"
                    WIDTH="877"
                    HEIGHT="199"></String>
          </TextLine>
        </TextBlock>
        <TextBlock HPOS="474.0"
                   VPOS="404.0"
                   WIDTH="1573.0"
                   HEIGHT="2820.0"
                   ID="eSc_textblock_88bf273a"
                   TAGREFS="BT338">
          <Shape><Polygon POINTS="487 404 474 3224 2047 3189 2047 404"/></Shape>
          <TextLine ID="tl_2"
                    TAGREFS="LT210"
                    BASELINE="525 507 701 509 1095 511 1471 507 1813 533 2025 517" 
                    HPOS="520"
                    VPOS="406"
                    WIDTH="1500"
                    HEIGHT="140">
            <Shape><Polygon POINTS="1718 406 1622 420 1552 406 1490 429 1414 406 1379 406 1236 426 1186 406 1163 406 1113 423 1046 406 833 406 812 423 774 409 570 418 555 406 523 406 523 505 520 532 973 523 991 537 1274 540 1373 523 1929 546 1929 543 1946 529 2020 529 2020 435 1941 409 1932 409 1841 435 1774 435 1771 429 1718 406"/></Shape>
	    <String CONTENT="ſon adreſſe furent cauſe, que"
                    HPOS="520"
                    VPOS="406"
                    WIDTH="1500"
                    HEIGHT="140"></String>
          </TextLine>
          <TextLine ID="tl_3"
                    TAGREFS="LT210"
                    BASELINE="521 653 879 653 1017 653 1439 649 1555 649 2021 659" 
                    HPOS="517"
                    VPOS="529"
                    WIDTH="1503"
                    HEIGHT="146">
            <Shape><Polygon POINTS="1827 532 1818 532 1783 555 1710 532 1698 532 1672 552 1672 555 1604 532 1596 532 1543 558 1520 532 1441 529 1441 532 1414 552 1303 529 1239 555 1210 529 1148 529 1148 532 1137 540 1122 558 1064 558 993 537 950 529 926 537 900 552 681 552 640 532 640 529 625 529 584 549 523 529 520 651 517 666 2014 675 2020 657 2020 561 1964 532 1955 532 1894 555 1827 532"/></Shape>
	    <String CONTENT="la Lune fit eclipſer le Soleil. Sa"
                    HPOS="517"
                    VPOS="529"
                    WIDTH="1503"
                    HEIGHT="146"></String>
          </TextLine>
          <TextLine ID="tl_4"
                    TAGREFS="LT210"
                    BASELINE="523 803 929 799 1121 795 1443 793 1697 795 2025 803" 
                    HPOS="517"
                    VPOS="678"
                    WIDTH="1505"
                    HEIGHT="152">
            <Shape><Polygon POINTS="517 809 622 806 748 827 868 806 894 827 906 827 950 806 1078 827 1125 806 1227 827 1289 806 1625 806 1651 827 1660 830 1800 830 1800 827 1806 827 1806 824 1824 809 1958 827 2020 809 2022 800 2014 681 1938 704 1794 704 1762 684 1604 701 1569 678 1499 678 1432 704 1257 704 1230 681 1230 678 1107 678 1087 695 985 678 985 681 961 701 874 686 745 701 605 678 555 701 523 681 520 800 517 809"/></Shape>
	    <String CONTENT="victoire fut ſuiuie d&#x27;vn grand"
                    HPOS="517"
                    VPOS="678"
                    WIDTH="1505"
                    HEIGHT="152"></String>
          </TextLine>
          <TextLine ID="tl_5"
                    TAGREFS="LT210"
                    BASELINE="525 943 661 943 857 943 1395 939 1523 943 1671 939 1905 941 2027 945" 
                    HPOS="520"
                    VPOS="821"
                    WIDTH="1505"
                    HEIGHT="140">
            <Shape><Polygon POINTS="523 941 523 961 2022 958 2025 944 2022 850 1961 821 1952 821 1850 856 1651 856 1610 824 1458 824 1417 853 1277 838 1213 853 1183 827 1183 824 1093 824 1093 827 1064 853 1064 856 953 856 953 853 917 824 815 827 774 850 751 824 625 824 581 853 581 856 520 856 523 941"/></Shape>
	    <String CONTENT="cri des Ianiſſaires &amp; de tout le"
                    HPOS="520"
                    VPOS="821"
                    WIDTH="1505"
                    HEIGHT="140"></String>
          </TextLine>
          <TextLine ID="tl_6"
                    TAGREFS="LT210"
                    BASELINE="519 1133 921 1101 1073 1089 1285 1087 1845 1085 2031 1045" 
                    HPOS="508"
                    VPOS="958"
                    WIDTH="1520"
                    HEIGHT="199">
            <Shape><Polygon POINTS="517 1131 520 1157 605 1131 698 1151 713 1151 762 1119 906 1131 938 1107 1031 1102 1172 1102 1210 1119 1219 1119 1303 1096 1373 1110 1566 1093 1698 1113 1707 1113 1730 1099 2025 1102 2028 1043 2017 985 1844 988 1748 958 1739 958 1663 996 1631 982 1619 982 1590 999 1563 985 1549 985 1520 1002 1423 993 1373 1008 1344 988 1251 993 1160 967 979 976 909 1026 833 982 608 1008 508 993 517 1131"/></Shape>
	    <String CONTENT="peuple, &amp; l&#x27;on n’entendit par"
                    HPOS="508"
                    VPOS="958"
                    WIDTH="1520"
                    HEIGHT="199"></String>
          </TextLine>
          <TextLine ID="tl_7"
                    TAGREFS="LT210"
                    BASELINE="519 1233 791 1231 925 1231 1245 1231 1409 1227 2025 1217" 
                    HPOS="514"
                    VPOS="1099"
                    WIDTH="1508"
                    HEIGHT="169">
            <Shape><Polygon POINTS="806 1110 800 1110 771 1137 666 1119 660 1122 613 1122 596 1134 570 1145 514 1134 517 1257 625 1248 675 1265 686 1265 707 1245 806 1245 853 1262 877 1257 888 1248 906 1265 1061 1268 1078 1245 1286 1257 1403 1239 1487 1262 1496 1262 1555 1239 1584 1257 1894 1259 2020 1236 2022 1216 2014 1137 1882 1137 1803 1099 1792 1099 1739 1140 1678 1140 1675 1134 1634 1099 1306 1105 1230 1145 1140 1145 1102 1105 1002 1107 950 1148 915 1148 868 1107 806 1110"/></Shape>
	    <String CONTENT="toute la place de l’Hipodro¬"
                    HPOS="514"
                    VPOS="1099"
                    WIDTH="1508"
                    HEIGHT="169"></String>
          </TextLine>
          <TextLine ID="tl_8"
                    TAGREFS="LT210"
                    BASELINE="525 1377 721 1405 863 1419 1243 1373 1587 1373 2023 1379" 
                    HPOS="523"
                    VPOS="1257"
                    WIDTH="1499"
                    HEIGHT="163">
            <Shape><Polygon POINTS="523 1397 704 1420 1081 1414 1189 1391 1321 1403 1376 1388 1406 1403 1414 1403 1444 1391 1458 1382 1736 1382 1777 1403 1789 1403 1806 1382 1850 1400 1862 1400 1879 1385 1964 1400 2022 1385 2020 1283 1835 1283 1835 1280 1756 1257 1745 1257 1721 1280 1645 1257 1637 1257 1578 1280 1555 1292 1485 1292 1455 1265 1455 1262 1289 1262 1259 1297 1195 1297 1143 1265 1128 1265 1099 1289 979 1295 915 1268 909 1268 695 1303 666 1283 584 1295 526 1280 523 1397"/></Shape>
	    <String CONTENT="ine, que viue Sultan Soliman."
                    HPOS="523"
                    VPOS="1257"
                    WIDTH="1499"
                    HEIGHT="163"></String>
          </TextLine>
          <TextLine ID="tl_9"
                    TAGREFS="LT210"
                    BASELINE="521 1521 1091 1517 1549 1519 2025 1523" 
                    HPOS="517"
                    VPOS="1391"
                    WIDTH="1505"
                    HEIGHT="167">
            <Shape><Polygon POINTS="1014 1400 979 1403 967 1414 941 1406 926 1411 868 1414 862 1426 619 1426 555 1391 543 1391 517 1409 520 1546 719 1555 844 1531 903 1549 915 1549 917 1543 932 1531 1099 1531 1195 1555 1341 1531 1452 1555 1502 1534 1660 1546 1771 1531 1806 1555 1815 1558 1946 1558 1946 1555 2022 1534 2017 1406 1818 1423 1786 1394 1786 1391 1669 1409 1639 1411 1569 1391 1558 1391 1531 1414 1520 1406 1511 1406 1400 1423 1385 1411 1368 1391 1125 1391 1078 1409 1034 1397 1014 1400"/></Shape>
	    <String CONTENT="Cependant ibrahim Baſſa, qui"
                    HPOS="517"
                    VPOS="1391"
                    WIDTH="1505"
                    HEIGHT="167"></String>
          </TextLine>
          <TextLine ID="tl_10"
                    TAGREFS="LT210"
                    BASELINE="519 1667 883 1665 1117 1663 1511 1661 2031 1665" 
                    HPOS="517"
                    VPOS="1561"
                    WIDTH="1511"
                    HEIGHT="140">
            <Shape><Polygon POINTS="517 1686 602 1672 648 1692 719 1677 733 1689 733 1692 745 1692 774 1680 1058 1701 1175 1672 1245 1701 1254 1701 1347 1672 1368 1683 1376 1692 1458 1677 1496 1701 1511 1701 1555 1672 1619 1698 1631 1698 1660 1680 1759 1692 1768 1692 1768 1689 1786 1675 2022 1680 2028 1663 2025 1569 1903 1566 1903 1569 1888 1581 1862 1563 1841 1566 1818 1578 1762 1566 1716 1561 1692 1578 1660 1566 1634 1561 1593 1566 1508 1584 1411 1561 1268 1575 1143 1561 1078 1584 760 1569 695 1584 675 1566 663 1566 570 1584 517 1566 517 1686"/></Shape>
	    <String CONTENT="n’auoit pas moins reconnu"
                    HPOS="517"
                    VPOS="1561"
                    WIDTH="1511"
                    HEIGHT="140"></String>
          </TextLine>
          <TextLine ID="tl_11"
                    TAGREFS="LT210"
                    BASELINE="517 1811 691 1813 941 1851 1019 1813 1219 1811 1585 1805 1837 1809 2029 1815" 
                    HPOS="511"
                    VPOS="1666"
                    WIDTH="1517"
                    HEIGHT="193">
            <Shape><Polygon POINTS="511 1821 955 1844 1087 1824 1210 1841 1233 1824 1271 1850 1286 1850 1312 1827 1362 1844 1461 1827 1505 1850 1613 1830 1628 1838 1645 1856 1771 1832 1841 1853 1850 1853 1900 1835 1923 1856 1923 1859 1935 1859 1984 1835 2020 1844 2028 1812 2028 1710 1748 1686 1654 1718 1552 1683 1338 1680 1254 1721 1201 1707 1189 1707 1166 1721 1093 1680 1072 1677 982 1716 719 1718 625 1715 564 1669 514 1666 514 1809"/></Shape>
	    <String CONTENT="ſon amy à ſon adreſſe qu&#x27;à ſon"
                    HPOS="511"
                    VPOS="1666"
                    WIDTH="1517"
                    HEIGHT="193"></String>
          </TextLine>
          <TextLine ID="tl_12"
                    TAGREFS="LT210"
                    BASELINE="519 1959 1171 1955 1415 1955 1805 1951 2029 1957" 
                    HPOS="514"
                    VPOS="1832"
                    WIDTH="1514"
                    HEIGHT="167">
            <Shape><Polygon POINTS="953 1844 947 1844 941 1853 920 1868 716 1868 686 1841 686 1838 514 1856 517 1984 587 1996 631 1976 681 1999 862 1999 862 1996 868 1996 909 1970 1075 1967 1248 1993 1289 1967 1420 1987 1452 1970 1473 1984 1482 1984 1695 1967 1716 1984 1724 1984 1818 1964 1856 1990 1865 1993 1967 1993 1967 1990 2028 1964 2020 1841 1935 1865 1800 1865 1756 1832 1742 1832 1701 1859 1613 1865 1508 1835 1362 1835 1292 1847 1204 1868 1166 1868 1128 1835 964 1835 953 1844"/></Shape>
	    <String CONTENT="viſage, eſtoit raui de voir que"
                    HPOS="514"
                    VPOS="1832"
                    WIDTH="1514"
                    HEIGHT="167"></String>
          </TextLine>
          <TextLine ID="tl_13"
                    TAGREFS="LT210"
                    BASELINE="521 2103 793 2103 905 2103 1235 2099 1381 2099 1649 2099 2025 2129" 
                    HPOS="517"
                    VPOS="1970"
                    WIDTH="1505"
                    HEIGHT="187">
            <Shape><Polygon POINTS="520 2101 517 2113 815 2128 830 2125 850 2113 888 2134 1023 2136 1064 2122 1204 2131 1236 2110 1315 2136 1327 2136 1347 2119 1423 2116 1441 2131 1517 2116 1563 2139 1572 2139 1645 2119 1666 2136 1666 2139 1678 2139 1716 2122 1736 2145 1868 2125 2017 2157 2022 2128 2022 1996 1876 1993 1876 1996 1847 2014 1754 1990 1745 1990 1663 2022 1628 1990 1628 1987 1520 2005 1493 1987 1482 1987 1400 2020 1350 2017 1318 1982 1262 1984 1262 1987 1236 2011 1210 1993 1081 2008 1017 1973 1005 1973 958 2011 897 2011 874 1996 821 1970 812 1970 730 2002 520 1999 520 2101"/></Shape>
	    <String CONTENT="toute la gloire de cette action,"
                    HPOS="517"
                    VPOS="1970"
                    WIDTH="1505"
                    HEIGHT="187"></String>
          </TextLine>
          <TextLine ID="tl_14"
                    TAGREFS="LT210"
                    BASELINE="517 2253 647 2247 895 2287 1173 2249 1477 2243 2015 2245" 
                    HPOS="511"
                    VPOS="2119"
                    WIDTH="1503"
                    HEIGHT="167">
            <Shape><Polygon POINTS="1923 2122 1774 2145 1745 2122 1745 2119 1566 2122 1520 2160 1406 2160 1394 2151 1338 2122 1330 2122 1224 2160 1183 2160 1143 2122 1069 2122 1069 2125 1037 2157 991 2139 979 2139 958 2163 868 2163 839 2148 780 2125 722 2125 681 2160 511 2148 514 2265 996 2286 1119 2262 1297 2262 1318 2277 1517 2262 1549 2283 1651 2262 1672 2280 1678 2280 1680 2283 1751 2283 1751 2280 1756 2280 1786 2259 1929 2259 1958 2274 1967 2274 2014 2256 2011 2157 1958 2157 1958 2154 1926 2125 1926 2122 1923 2122"/></Shape>
	    <String CONTENT="ne luy puſt eſtre diſputée."
                    HPOS="511"
                    VPOS="2119"
                    WIDTH="1503"
                    HEIGHT="167"></String>
          </TextLine>
          <TextLine ID="tl_15"
                    TAGREFS="LT210"
                    BASELINE="521 2395 941 2391 1071 2393 1379 2391 1565 2387 1853 2391 2029 2391" 
                    HPOS="517"
                    VPOS="2265"
                    WIDTH="1511"
                    HEIGHT="158">
            <Shape><Polygon POINTS="985 2274 979 2274 979 2277 944 2309 809 2309 698 2277 517 2277 520 2414 613 2402 681 2423 885 2423 885 2420 1069 2400 1233 2417 1449 2400 1499 2414 1514 2414 1552 2397 1678 2414 1713 2414 1862 2397 2022 2411 2028 2388 2025 2283 1952 2265 1944 2265 1891 2306 1563 2306 1482 2268 1470 2268 1470 2271 1432 2309 1373 2309 1321 2271 1309 2271 1210 2297 1166 2271 1072 2271 1052 2294 999 2271 985 2274"/></Shape>
	    <String CONTENT="Comme le bruit de tant de"
                    HPOS="517"
                    VPOS="2265"
                    WIDTH="1511"
                    HEIGHT="158"></String>
          </TextLine>
          <TextLine ID="tl_16"
                    TAGREFS="LT210"
                    BASELINE="523 2539 749 2537 947 2537 1351 2551 1601 2533 1817 2535 2027 2517" 
                    HPOS="517"
                    VPOS="2408"
                    WIDTH="1508"
                    HEIGHT="161">
            <Shape><Polygon POINTS="520 2537 520 2549 1341 2569 1403 2549 1713 2546 1745 2566 1759 2566 1780 2552 1797 2566 1806 2569 1908 2569 1908 2566 2022 2540 2025 2516 2020 2440 1935 2440 1894 2417 1885 2417 1847 2438 1806 2408 1727 2408 1727 2411 1704 2432 1622 2440 1613 2440 1523 2411 1251 2440 1216 2411 1125 2411 1084 2429 996 2414 938 2443 938 2446 879 2446 827 2414 812 2414 812 2417 783 2443 745 2429 733 2429 713 2443 678 2420 666 2420 599 2438 578 2420 567 2420 517 2440 520 2537"/></Shape>
	    <String CONTENT="voix fut diſſipé, l’on vid pa¬"
                    HPOS="517"
                    VPOS="2408"
                    WIDTH="1508"
                    HEIGHT="161"></String>
          </TextLine>
          <TextLine ID="tl_17"
                    TAGREFS="LT210"
                    BASELINE="521 2685 1069 2683 1447 2679 1889 2679 2027 2679" 
                    HPOS="517"
                    VPOS="2552"
                    WIDTH="1508"
                    HEIGHT="163">
            <Shape><Polygon POINTS="520 2683 520 2701 710 2695 739 2712 751 2712 789 2695 894 2695 1058 2712 1186 2698 1216 2715 1441 2712 1470 2692 1514 2707 1523 2707 1552 2692 1619 2712 1707 2692 1718 2692 1762 2707 1771 2707 1815 2692 1844 2709 1856 2709 1900 2692 1929 2712 1941 2712 2025 2689 2022 2572 1984 2552 1882 2569 1838 2554 1830 2554 1716 2587 1704 2578 1686 2557 1628 2554 1569 2587 1531 2566 1523 2566 1470 2590 1160 2590 1140 2581 1131 2572 1119 2572 1078 2592 897 2592 836 2563 605 2557 555 2590 517 2584 520 2683"/></Shape>
	    <String CONTENT="roiſtre vne troupe veſtuë à la"
                    HPOS="517"
                    VPOS="2552"
                    WIDTH="1508"
                    HEIGHT="163"></String>
          </TextLine>
          <TextLine ID="tl_18"
                    TAGREFS="LT210"
                    BASELINE="521 2831 1187 2855 1315 2829 2025 2825" 
                    HPOS="517"
                    VPOS="2698"
                    WIDTH="1505"
                    HEIGHT="172">
            <Shape><Polygon POINTS="520 2829 517 2841 1186 2864 1441 2844 1464 2864 1464 2867 1473 2867 1654 2847 1739 2870 1751 2870 1780 2850 1830 2864 1841 2864 1856 2850 2017 2850 2022 2823 2017 2712 1841 2712 1841 2715 1815 2739 1710 2718 1678 2739 1569 2730 1555 2742 1528 2724 1520 2724 1315 2742 1259 2712 1248 2712 1204 2742 932 2742 868 2701 824 2707 678 2736 643 2707 637 2698 628 2698 520 2704 520 2829"/></Shape>
	    <String CONTENT="Chreſtienne, &amp; remarquable"
                    HPOS="517"
                    VPOS="2698"
                    WIDTH="1505"
                    HEIGHT="172"></String>
          </TextLine>
          <TextLine ID="tl_19"
                    TAGREFS="LT210"
                    BASELINE="519 3021 771 2973 1077 2991 1299 2973 1473 2969 1821 2969 2023 2969" 
                    HPOS="511"
                    VPOS="2832"
                    WIDTH="1511"
                    HEIGHT="208">
            <Shape><Polygon POINTS="1183 2850 1105 2894 1046 2894 991 2856 800 2859 780 2882 733 2861 724 2861 675 2876 599 2864 511 2885 517 3040 616 3040 616 3037 701 2993 821 2990 1069 2996 1107 3022 1181 3019 1201 2996 1251 3016 1262 3016 1306 2978 1391 2993 1470 2978 1622 2993 1660 2978 1812 3002 2022 2996 2011 2832 1917 2870 1639 2873 1534 2838 1525 2838 1417 2870 1321 2844 1309 2844 1292 2859 1259 2879 1198 2850 1183 2850"/></Shape>
	    <String CONTENT="pour telle, par les Croix qui"
                    HPOS="511"
                    VPOS="2832"
                    WIDTH="1511"
                    HEIGHT="208"></String>
          </TextLine>
          <TextLine ID="tl_20"
                    TAGREFS="LT210"
                    BASELINE="527 3161 1145 3119 1265 3123 1459 3117 2023 3121" 
                    HPOS="520"
                    VPOS="2984"
                    WIDTH="1502"
                    HEIGHT="225">
            <Shape><Polygon POINTS="526 3160 529 3209 631 3163 774 3180 871 3168 882 3151 1011 3160 1040 3145 1110 3165 1122 3165 1148 3142 1221 3160 1233 3160 1248 3139 1371 3133 1417 3154 1426 3154 1470 3139 1531 3151 1581 3180 1786 3174 1824 3142 1885 3168 2022 3165 2017 3019 1654 3028 1546 2984 1534 2984 1499 3025 1335 2993 1271 3043 1219 3031 1166 3046 1119 3025 1107 3025 1099 3034 1067 3011 1055 3011 1020 3025 1002 3008 1002 3005 520 3034 526 3160"/></Shape>
	    <String CONTENT="paroiſſoient à ſes drapeaux."
                    HPOS="520"
                    VPOS="2984"
                    WIDTH="1502"
                    HEIGHT="225"></String>
          </TextLine>
        </TextBlock>
      </PrintSpace>
    </Page>
  </Layout>
</alto>
