2479 3508
733 391 1377 141 fort loing du terme ou ie de¬

730 520 1380 164 uois voir la lumiere, lors que

733 663 1377 146 les viures manquerent entie¬

730 795 1383 149 rement à Arſalon. Et comme

727 932 1383 132 il auoit employé tout ſon ar¬

727 1058 1383 187 gent, à l’achapt de ſon vaiſ¬

733 1204 1377 149 ſeau, & aux munitions de

727 1327 1383 181 guerre & de bouche qu’il y

727 1473 1386 152 auoit miſes, il ne pouuoit ſon¬

727 1619 1380 152 ger à aborder en nulle part

722 1751 1391 169 pour en auoir. En vne aduan¬

733 1873 1377 170 ture ſi facheuſe, les ſoldats &

724 2028 1386 138 les Matelots conſulterent en¬

730 2160 1383 164 ſemble, & ayant gagné le Pi¬

724 2297 1389 164 lote, ils firent que malgré les

722 2443 1391 147 commandements que mon

716 2566 1394 179 pere luy faiſoit, il ne laiſſoit

719 2709 1397 155 pas de prendre la route d'vne

722 2844 1388 207 Iſle qu'ils deſcouuroient. La

733 266 211 134 44

1084 216 819 196 L'Illuſtre Baſſa
