2479 3508
616 236 190 135 30 L’Illuſtre Baſſa

637 377 1485 157 Vn diſcours ſi violent, & ſi eſ¬

634 499 1482 182 loigné des ſentimens d’vn

628 657 1491 164 pere, fit que Soliman voulut

634 798 1482 172 s’eſclaircir de ce que c’eſtoit;

625 955 1488 150 ne voulant pas qu’au iour de

628 1075 1488 196 ſa gloire ſon peuple puſt dire,

625 1227 1488 173 qu’il euſt reffuſé d’ouïr les

619 1368 1491 193 pleintes des oppreſſez. Il vou¬

616 1534 1497 143 lut toutesfois en demander

619 1651 1488 208 aduis au grand Viſir Ibrahim,

616 1830 1485 154 qui n’ayant pour but que la

616 1952 1488 179 gloire de ſon Maiſtre, Luy dit,

616 2116 1491 161 qu’en vn temps ou le Ciel luy

613 2253 1491 164 auoit rendu iuſtice, en luy fai¬

610 2402 1494 155 ſant remporter la victoire ſur

610 2543 1494 172 ſes ennemis, il ſeroit en quel¬

613 2683 1485 178 que façon iniuſte, de la reffu¬

613 2832 1480 187 ſer à ceux qui la luy deman¬

613 2987 1480 211 doient. Le premier ſentiment
