2479 3508
847 84 848 132 PREFACE.

388 219 1763 184 langue françoiſe, vne façon de

382 350 1766 243 parler, qu'ils ont tirée de la Gre¬

400 520 1757 216 que & de la Latine. Et puis, i'ay

362 707 1789 187 fait voir aſſez clairement, que ie

385 859 1772 190 ne l'ay pas fait ſans deſſain: car

382 1023 1769 187 excepté quand il s'eſt agi des

377 1183 1774 179 Turcs aux Sultan, ou de luy à ſes

380 1356 1771 178 inferieurs; ie ne m’en ſuis iamais

347 1485 1804 248 ſerui, & chacun s’en ſert à l’vn

385 1680 1769 176 & à l’autre. Or de peur qu’on

374 1824 1792 193 ne m'obiecte, que i’ay raproché

380 1976 1774 234 quelques incidens, que l’Hiſtoire

380 2163 1777 178 a fait voir plus esloignez; le grãd

377 2324 1780 181 Virgille ſera mon garant: luy qui

382 2478 1766 182 dans ſa diuine Eneide, a fait pa¬

380 2648 1765 170 roiſtre Didon, quatre Siecles a¬

359 2815 1795 193 pres le ſien, ainſi i'ay creu que ie

368 2973 1783 184 pouuois faire de quelques mois, ce

382 3130 1766 173 qu'il a fait de tant d’années: Et

382 3288 1766 214 que ie ne deuois pas craindre de
