2479 3508
374 242 1710 184 que, mes principaux perſõnages

380 400 1695 170 marquez, dans l'hiſtoire verita¬

382 549 1696 193 ble comme perſonnes illuſtres, &

385 710 1687 175 les guerres effectiues. c'eſt ſans

371 876 1704 167 doute par cette voye, que l’on

356 1014 1719 210 peut arriuer à ſa fin: Car lors que

362 1183 1719 179 le menſonge & la verité, ſont

362 1341 1710 179 confondus par vne main adroite,

356 1482 1731 193 l’eſprit à peine à les demesler, &

359 1648 1704 187 ne ſe porte pas aiſement, a de¬

324 1800 1739 202 ſtruire ce qui luy plaiſt. Au con¬

353 1973 1707 163 traire, quand l’inuention ne ſe

324 2119 1736 199 ſert point de cet artifice, que le

353 2286 1707 184 menſonge ſe produit à découuert;

350 2446 1716 173 cette fauceté großiere ne fait au¬

344 2616 1702 161 cune impreßion en l’ame, & ne

344 2736 1705 204 donne aucun plaiſir. En effect,

347 2914 1708 170 commẽt ſeray-je touché des infor¬

344 3060 1702 173 tunes de la Reine de Guindaye,

353 3227 1699 222 & du Roy d'Aſtrobacie; puis que

789 99 830 140 PREFACE.
