2479 3508
818 90 836 132 PREFACE.

394 213 1719 190 Hieruſalem; & pour paſſer du

388 380 1731 172 Poëme au Roman, qui eſt mon

380 523 1733 207 principal obiet; dans l'Heliodo¬

400 692 1716 176 re, le mariage de Chariclée & de

394 824 1716 222 Theagenes. ce n'eſt pas que les E¬

377 1005 1739 196 piſodes en l’vn, & les diuerſes hi¬

362 1160 1745 187 ſtoires en l'autre, n'y ſoient plu¬

365 1312 1745 193 ſtoſt des beautez, que des deffaux:

391 1485 1719 175 mais il eſt touſiours neceſſaire,

391 1637 1722 187 que l'adreſſe de celuy qui les em¬

382 1797 1728 176 ploye, les face tenir en quelque

363 1937 1753 191 façon, à cette action principale;

388 2107 1731 190 afin que par cét enchainemẽt inge¬

388 2280 1710 169 nieux, toutes ces parties ne facẽt

388 2417 1734 208 qu'vn corps; & que l’on n'y puiſ¬

382 2575 1728 172 ſe rien voir, de dettaché ni d’inu¬

397 2724 1713 181 tile. Ainſi le mariage de mon Iu¬

374 2879 1739 205 ſtinian & de ſon Iſabelle, eſtant

397 3019 1722 252 l'obiet que ie me ſuis proposé; i'ay

400 3198 1698 231 employé tous mes ſoins, à faire
