2479 3508
295 385 1523 185 pourtant genereux. Il ne vou¬

306 526 1509 149 lait pas auſſi aller chez les

306 669 1515 167 Princes alliez de noſtre Empi¬

309 818 1512 173 re, de crainte de n’y eſtre pas

306 973 1518 164 receu fauorablement. Cepen¬

306 1125 1518 158 dant ces irreſolutions n’ayant

306 1262 1524 170 point de fin, les munitions du

306 1420 1521 132 vaiſſeau d’iminuoient chaque

304 1549 1528 196 iour: Le Pilote auoit beau luy

306 1707 1529 161 demander où il vouloit pren¬

309 1862 1518 146 dre terre? Il ne trouuoit point

309 2002 1529 155 de lieu en toute la Carte vni¬

306 2136 1524 167 uerſelle où il vouluſt aborder.

315 2294 1526 164 Six mois ſe paſſerent de cette

318 2435 1520 175 ſorte, à courir toutes les Mers

318 2590 1520 155 du Leuant: & comme ma

318 2745 1529 160 mere s’eſtoit trouuée grosse

324 2882 1517 164 de moy lors qu’elle s’eſtoit

324 3019 1517 220 embarquée; Elle n’eſtoit pas

567 226 880 171 Liure premier.

1625 242 202 167 43
