2479 3508
660 192 871 164 Liure premier.

371 344 1514 179 qu’ils fiſſent encor trois ſor¬

377 485 1508 166 ties ſur luy, il les repouſſa tou¬

382 643 1500 163 tes les trois fois, iuſques dans

377 774 1508 161 les meſmes portes. Tout le

368 929 1517 164 monde fut ſurpris de cette ad¬

368 1081 1511 167 uanture, & Soliman ne pou¬

368 1230 1517 161 uant y rien comprendre, de¬

368 1368 1517 157 manda au Baſſa de la Mer, ce

362 1514 1523 169 que cela vouloit dire? Mais le

359 1660 1526 172 Baſſa ſe iettant aux pieds de ſa

362 1803 1520 179 Hauteſſe, l'aſſeura que cette

359 1958 1523 164 action criminelle ne venoit

353 2101 1532 179 point de ſes ordres; & qu'elle

353 2253 1532 167 ne procedoit que de I’inſolen¬

362 2394 1523 172 ce de son Eſclaue. Alors vn

362 2554 1523 155 mouuement de colere, s’em¬

362 2692 1523 178 parant de l’eſprit du grand

362 2835 1517 193 Seigneur, il commanda que

362 2967 1511 213 cét Eſclaue fuſt empallé ſur le

1727 228 164 149 25
