2479 3508
599 374 1476 155 champ: mais le grand Viſir ſe

602 508 1470 158 releuant d’où il eſtoit aſſis, &

596 660 1482 161 ſe mettant à genoux, ſupplia

599 800 1479 161 le Sultan de ne vouloir point

596 944 1482 163 marquer de ſang le jour de

596 1078 1482 184 ſon triomphe; & de ſe ſouue¬

596 1236 1485 170 nir que la clemence eſt pro¬

587 1371 1497 216 prement la vertu des victo¬

593 1537 1488 149 rieux; qu’en ſauuant la vie à

596 1663 1488 178 cet inconſideré, il l'aſſeuroit

590 1797 1497 214 qu’il la perdroit pour ſon ſer¬

596 1961 1491 167 uice; & qu’il eſtoit d’vne naiſ¬

596 2107 1488 164 ſance & d’vne humeur à n’a¬

590 2259 1497 161 uoir iamais d’ingratitude. Que

593 2394 1494 166 le connoiſſant comme ſoy¬

590 2540 1497 164 meſme, il en reſpondoit à ſa

596 2680 1494 176 Hauteſſe; & que luy eſtant aſ¬

593 2826 1494 176 ſez obligé pour deuoir mou¬

593 2975 1494 199 rir pour le ſauuer, il ſupplioit

596 233 155 129 26

999 204 833 181 L'illuſtre Baſſa
