2479 3508
882 93 796 126 PREFACE.

400 228 1725 166 liure, que les Dames ne puiſſent

403 371 1719 190 lire ſans baiſſer les yeux & ſans

418 543 1704 179 rougir. Que ſi vous ne voyeZ pas

409 684 1716 187 mon Heros, perſecuté d'amour

400 836 1722 210 par des femmes, ce n'eſt pas qu'il

412 1005 1707 193 ne fuſt aimable, et qu'il ne puſt

394 1169 1728 193 eſtre aimé: Mais c’eſt pour ne

418 1333 1707 163 choquer point la bien-ſceance, en

409 1493 1722 161 la perſonne des Dames, et la

418 1637 1710 178 vrai-ſemblance en celle des hom¬

420 1809 1705 164 mes, qui rarement font les cruels,

412 1961 1713 196 & qui n'y ont pas bonne grace.

420 2116 1702 178 Enfin, ſoit que les choſes doiuent

423 2286 1702 163 eſtre ainſi, ſoit que i'aye iugé de

429 2435 1702 169 mon Heros par ma foibleſſe; ie

432 2575 1699 210 n'ay point voulu mettre ſa fidelli¬

426 2765 1699 161 té, à cette dangereuſe eſpreuue: et

432 2920 1699 155 ie me ſuis contenté, de n'en faire

420 3051 1711 199 pas vn Hilas, ſans en vouloir

403 3206 1719 225 faire vn Hipolite. Mais per¬
