2479 3508
850 61 810 134 PREFACE.

365 201 1701 161 m'eſgarer, tant que te ſuiurois

368 327 1704 205 vn ſi bon guide. Ie ne ſcay encor

342 502 1727 179 ſi quelqu'vn ne trouuera point

368 657 1701 179 mauuais, que mon Heros &

368 812 1701 161 mon Heroine ne ſoyent point

374 964 1698 167 Rois: mais outre que les gene¬

374 1125 1695 158 reux, ne mettent gueres de dif¬

342 1277 1718 172 ference, entre porter des couron¬

368 1435 1701 161 nes & les meriter; outre que mon

362 1569 1704 199 Iuſtinian, eſt d’vne Race qui a te¬

368 1736 1704 172 nu l'Empire d’Orient; l’exemple

371 1888 1698 181 d’Athenagoras, doit ce me ſem¬

377 2043 1692 187 ble luy fermer la bouche: puisque

365 2180 1707 211 Theogene & Charide, ne ſont

377 2353 1695 181 que de ſimples Citoyens. Enfin

368 2511 1704 181 Lecteur, les Cenſeurs peuuent ſe

368 2669 1704 192 mettre en repos de ce coſté là, &

368 2821 1704 192 m'y laiſſer: car ie les aſſeure, que

365 2984 1713 164 Iuſtinian eſt de condition à com¬

371 3139 1707 202 mander à toute la terre ; qu'I¬
