2479 3508
283 385 1523 161 veuilles nous en rendre vne de

292 517 1511 167 ta Iuſtice. Le Baſſa de la Mer

301 657 1502 184 ſçachant bien qu’il eſtoit le

283 806 1529 196 plus intereſſé en la choſe dont

292 964 1517 176 ils agiſſoit, s'aprocha du grãd

292 1116 1523 179 Seigneur pour le ſupplier auec

292 1262 1520 161 aſſez de vehemence, de n’eſ¬

292 1414 1517 161 couter pas les pleintes d’vn

292 1561 1523 163 homme, qui auoit eu la har¬

298 1710 1517 155 dieſſe de venir interrompre

292 1856 1520 166 ſon triomphe: que pour luy,

298 1993 1520 170 encor qu'il fuſt ſon fils, il ne

298 2139 1523 190 luy demandoit point de grace

298 2303 1514 149 de cette faute, & qu’au con¬

301 2432 1523 166 traire il ſeroit obligé à ſa Hau¬

306 2578 1515 181 teſſe, ſi elle vouloit luy donner

304 2736 1520 161 vn chaſtiment qui le puniſt de

304 2894 1520 146 ce crime, & de tous les autres

309 3025 1506 178 dont il eſtoit deſia coupable.

575 225 886 175 Liure premier.

1654 257 146 137 29
