2479 3508
523 435 1520 161 inſtruments. Entre ces Eſcla¬

529 578 1517 182 ues, il y en eut vn dans la

532 713 1517 193 troupe Turque, qui par ſa

532 859 1517 172 bonne mine & par ſon adreſ¬

534 996 1518 193 ſe, attira les yeux de toute l’aſ¬

534 1145 1524 185 ſemblée ſur luy: mais le grand

534 1295 1524 181 Viſir ne l'eut pas ſi toſt aper¬

540 1435 1515 193 ceu, qu'il fremit d’eſtonne¬

540 1596 1520 166 ment & de ioye, & qu'il ne

540 1742 1520 172 douta point du tout, que ce ne

540 1873 1523 193 fuit celuy qu’il penſoit con¬

549 2014 1514 190 noiſtre. Cependant la machi¬

549 2186 1514 152 ne & les deux troupes ayant

552 2324 1511 163 fait le tour du camp, cette

555 2455 1514 184 ville s'arreſta à l'oppoſite du

555 2581 1511 228 grand Seigneur, & les Per¬

561 2739 1505 201 ſiens ſe ietterent dans la pla¬

570 2888 1502 184 ce. Lors au ſon de tout ce qu’il

567 3037 1514 219 y auoit de Trompettes, d’Ata¬

517 315 169 143 20

900 274 924 182 L'Illuſtre Baſſa
