2479 3508
660 245 941 135 Liure Premier.

353 403 1561 134 des chaiſnes d'or, les mains der¬

359 520 1552 169 riere le dos. Ces illuſtres mal¬

356 663 1555 193 heureux eſtoient ſuiuis de cinq

359 815 1549 176 cents volontaires, que les Turcs

353 961 1547 170 appellent Dellis, montez ſur des

356 1102 1547 181 chenaux bardez & caparaſſon¬

353 1254 1550 178 nez de peaux de Lyon, auec la

353 1411 1544 170 queuë de ce genereux animal

344 1552 1547 166 ſur le chãfrain au lieu de penna¬

342 1695 1552 158 che: leurs habits eſtoient de la

333 1853 1558 164 peau d’vn Ours, leurs tocques

336 1987 1555 170 de celle d'vn Leopard bien mou¬

330 2136 1561 173 chetté, ſur ces tocques la queuë

333 2283 1549 166 d’vne Aigle, & ſur leurs Ron¬

333 2429 1552 152 daches les ailes du meſme oy¬

330 2572 1549 164 ſeau. Ils auoient le Cimetter¬

330 2724 1546 155 re au coſté, la malle d’armes

324 2856 1549 201 à l’arçon, & vne Lance à la

1815 287 103 139 9
