2479 3508
821 111 836 157 PREFACE.

347 277 1708 181 que d'auoir bien fait ſans y ſon¬

336 409 1745 190 ger. Il n'eſt rien que la temerité

347 567 1716 198 n'oſe entreprendre & dont la for¬

350 733 1719 176 tune ne puiſſe venir à bout: mais

350 891 1725 193 quand on ſe fie en ces deux gui¬

353 1049 1728 181 des, ſi l’on ne s’égare, on peut s'eſ¬

342 1198 1742 208 garer; Et de cette ſorte, quand

356 1365 1722 190 meſme les euenemens ſont heu¬

362 1514 1719 184 reux, l’on n'en merite point de

359 1680 1725 199 gloire. Chaque art a ſes regles cer¬

368 1850 1722 172 taines, qui par des moyens in¬

344 1996 1743 202 faillibles y meinent à la fin que

368 2160 1725 184 l'on ſe propoſe: & pourueu qu'vn

368 2306 1725 193 Architecte prenne bien ſes alli¬

385 2464 1716 190 gnemens, il eſt aſſeuré de la beau¬

385 2631 1716 178 té de ſon baſtiment. Ne croyez pas

388 2783 1722 181 Lecteur, que ie veuille conclure de

382 2940 1731 199 là, que mon ouurage ſoit accom¬

374 3092 1745 234 ply, parce que i'ay ſuiuy les reigles

394 3259 1719 216 qui le pouuoient rendre tel: ie
