2479 3508
485 318 1687 161 te ſçay que leurs Royaumes meſ¬

491 456 1681 163 mes ne ſont point en la Carthe

485 596 1692 204 vniuerſelle, ou pour mieux dire,

496 751 1687 210 en l'étre des choſes? mais ce n'eſt

488 920 1686 202 pas le ſeul deffaut, qui peut

505 1078 1669 193 nous esloigner de la vray-ſem¬

502 1245 1672 166 blance: Et nous auons autre-fois

505 1400 1664 166 veu des Romans, qui nous pro¬

508 1563 1666 176 duiſoient des Monſtres, en pen¬

496 1707 1684 196 ſant nous faire voir des miracles

514 1879 1669 155 leurs Autheurs pour s'atacher

523 2037 1657 173 trop au merueilleux, ont fait des

520 2192 1663 172 Groteſques, qui tiennent beau¬

523 2335 1666 193 coup des viſions de la fieure chau¬

529 2490 1660 205 de; & l'on pourroit, auec plus de

529 2669 1660 169 raiſon que n'en auoit le Duc de

534 2812 1658 178 Ferrare, demander à ces Meſ¬

502 2967 1687 201 ſieurs ce qu'il demanda à l’Ario¬

514 3127 1678 199 ſte, apres auoir leu ſon Roland;

546 3291 1658 199 Meſſer Lodoico, doue Diauolo

906 146 859 155 PREFACE.
