2479 3508
391 239 1684 141 Vrfé. Certainement il faut ad¬

380 382 1701 179 uoüer, qu'il a merité ſa reputa¬

388 552 1687 143 tion: que l'amour, que toute la ter¬

391 701 1693 167 re a pour luy eſt iuſte: & que tant

382 850 1702 161 de nations differentes, qui ont tra¬

380 1002 1704 161 duit ſon liure en leurs langues, ont

380 1145 1704 190 eu raiſon de le faire. Pour moy

380 1315 1704 170 ie confeſſe hautement, que ie ſuis

353 1470 1737 167 ſon adorateur: il y a vingt ans

385 1628 1705 164 que ie le connoy, & c'eſt à dire

380 1771 1701 181 qu'il y a vingt ans que ie l'aime.

388 1911 1705 217 En effect, il eſt admirable par

385 2081 1696 169 tout: il eſt fecond en inuentions,

394 2242 1690 155 & en inuentions raiſonnables:

391 2379 1699 202 tout y eſt merueilleux, tout y eſt

391 2540 1690 190 beau: & ce qui eſt le plus impor.

388 2712 1696 173 tant, tout y eſt naturel & vray

371 2859 1713 169 ſemblable. Mais entre tant de ra¬

397 3011 1687 166 res choſes, celle que i'eſtime le

388 3148 1696 234 plus, eſt qu'il ſcait toucher ſi deli¬

1390 3346 185 147 ĩ iij

809 70 813 152 PREFACE.
