2479 3508
812 128 816 146 PREFACE.

385 286 1708 175 & ſans exciter les paßions, par

391 426 1710 173 les artifices de la Rethorique; ſont

388 599 1699 161 ennuyeux, en penſant eſtre plus

382 748 1705 155 diuertisſans. Cette narration ſe¬

382 888 1702 179 che & ſans art, eſt plus d'vne

380 1037 1701 190 vieille Chronique que d'vn Ro¬

382 1207 1699 164 man: qui peut bien s'embellir de

377 1359 1698 181 ces ornements, puis que l'Hiſtoire,

374 1517 1704 169 toute ſeuere eſt toute ſcrupuleuſe

374 1660 1704 187 qui elle eſt, ne laiſſe pas de les em¬

359 1815 1716 178 ployer. Apres auoir deſcrit vne

371 1970 1701 187 auanture, vn deſsain hardi, ou

374 2134 1698 169 quelque euenement ſurprenant,

374 2271 1695 187 capable de donner les plus beaux

356 2440 1719 173 ſentimens du monde: certains

374 2584 1698 175 Autheurs ſe ſont contentez de

371 2747 1692 167 nous aſſeurer qu'vn tel Heros

359 2897 1699 178 penſa de fort belles choſes ſans

365 3051 1695 173 nous les dire; & c'est cela ſeule¬

368 3215 1701 187 ment, que ie deſirois ſcauoir. Car

1599.0 3397.0 141.0 111.0 ĩ ij
