2479 3508
423 242 1719 164 mens: & que quelques vns l’ont

438 371 1690 196 nomée le Theatre de l'inconſtan¬

438 546 1681 155 ce. Mais comme tout excez eſt vi¬

438 695 1751 181 cieux, ie ne m'ẽ ſuis ſerui que mo¬

432 862 1702 155 derement, pour conſeruer le vrai¬

415 988 1716 190 ſemblable. Or le meſme deſſain a

418 1160 1721 178 fait außi, que mõ Heros n'eſt point

435 1318 1699 178 accablé, de cette prodigieuſe quã-

429 1470 1707 172 tité d'accidens, qui arriuent à

426 1616 1713 184 quelques autres: dautant que ſe¬

432 1777 1710 172 lon mon ſens, cela s'esloigne de la

432 1926 1731 172 vrai-ſemblance: la vie d'aucun

432 2075 1722 196 homme n'ayant iamais eſté tra¬

438 2242 1713 155 uerſee. il vaut mieux à mon ad¬

450 2388 1698 184 uis, ſeparer les aduantures; en

444 2546 1707 181 former diuerſes hiſtoires; & faire

447 2689 1701 202 agir pluſieurs perſonnes; afin de

444 2850 1704 178 paroiſtre fecond & iudicieux

447 2999 1707 193 tout enſemble d'eſtre touſiours

438 3122 1725 263 dans cette vrai-ſemblance ſi neceſ¬

865 99 815 140 PREFACE.

1780 3353 44 128 ĩ
