2479 3508
429 219 1719 204 noiſtre parfaictement, il ne ſuffit

418 374 1730 225 pas de dire, combien de fois ils

441 546 1710 176 ont fait naufrage, et combien de

403 678 1742 225 fois ils ont rencontré des volleurs:

432 856 1696 196 mais il faut faire iuger par leurs

426 1014 1728 202 diſcours, quelles ſont leurs incli¬

432 1183 1722 173 nations: autrement, l'on est en

429 1324 1731 187 droit de dire à ces Heros muets,

426 1490 1734 173 ce beau mot de l'antiquité. PARLE

438 1668 1722 188 AFIN QVE IE TE VOYE. Que ſi de la

429 1824 1731 163 vray-ſemblance et des inclina¬

438 1993 1725 161 tions, exprimées par les parolles,

441 2148 1719 158 nous voulons paſſer aux mœurs;

432 2288 1734 170 aller du plaiſant a l'vtile, et du

444 2443 1722 196 diuertiſſement à l'exemple: i’ay

438 2604 1734 193 à vous dire Lecteur, qu'icy la

444 2774 1728 178 vertu paroiſt touſiours recompẽ¬

441 2932 1748 178 sée, & le vice touſiours puni: ſi

429 3087 1737 181 par vn iuſte ſenſible repentir,

444 3221 1728 237 celuy qui a ſuiui ſon deſregle¬

833 90 839 132 PREFACE.

1639 3422 215 86 ĩ iiii
