2479 3508
391 400 1538 149 uant tes yeux (dit-elle en

394 532 1532 157 monſtrant Oſman) les deux

388 692 1532 155 plus malheureuſes perſonnes

385 841 1538 152 qui furent iamais. Nous auons

385 988 1535 160 des ennemis, que nous ne

377 1128 1520 172 pouuons & que nous ne de¬

374 1277 1523 164 uons point haïr; à qui nous de¬

380 1420 1528 176 vons du reſpect; à qui nous

371 1563 1526 167 devons de l’obeïſſance; à qui

368 1707 1529 172 nous deuons de l’affection:

368 1844 1538 190 des ennemis diſ-ie, à qui nous

365 2002 1532 178 devons la vie; & pour qui nous

359 2142 1544 196 la perdrions encor avec ioye,

362 2291 1526 167 ſi l’occaſion s'en preſentoit.

362 2435 1529 190 C’eſt pourtant Seigneur, con¬

362 2590 1535 178 tre de ſi cheres perſonnes que

362 2733 1532 187 ie dois parler auiourd’huy: &

359 2891 1532 166 pour obtenir la iuſtice que

362 3028 1535 211 nous te demandons, & d'où

1356 3203 257 217 C ij

663 230 930 179 Liure premier.

1774 278 158 145 35
