2479 3508
666 242 857 143 Liure premier.

374 394 1473 152 d’argent mat, que quatre che¬

374 523 1479 155 uaux blancs traiſnoient, &

371 646 1479 195 qu’ils donnerent à ſa Hauteſ¬

377 809 1467 138 ſe. Tous les Meſtiers parurent

368 935 1476 164 en ſuite, faiſant chacun quel¬

359 1087 1485 175 que riche ouurage de ſa pro¬

359 1233 1482 158 feſſion, mais auec vne dili¬

359 1379 1476 164 gence ſi extraordinaire, qu’a¬

353 1523 1485 154 uant que le tour de la place

350 1637 1488 195 fuſt acheué, le preſent eſtoit

350 1800 1488 155 en eſtat d’eſtre offert au

347 1935 1488 169 grand Soliman. Il les receut

342 2078 1493 175 tous fauorablement, & les

347 2215 1480 170 donna tous à l’heure meſme à

344 2356 1488 175 ſon cher Ibrahim, auquel il

344 2493 1483 199 dit qu’ils eſtoient bien deubs,

339 2648 1482 181 puiſque c’eſtoit de ſon coura¬

336 2794 1488 176 ge & de ſa conduite, qu’il te¬

336 2937 1476 202 noit Le la victoire à le triom¬

1441 3120 70 148 B

1707 260 146 137 17
