2479 3508
590 356 1494 126 bales, éueilla tout le monde dans

587 473 1500 155 I’Imperiale ville de Conſtanti¬

590 616 1497 164 nople; & fit connoſtre à cha¬

590 757 1497 169 cun, que le triomphe du grand

590 903 1503 143 Soliman aloit commencer. Tout

596 1034 1491 161 le peuple courut à l'inſtant, à la

602 1181 1488 166 place de l'Hipodrome, & les

599 1324 1488 146 moins curieux voulurent voir la

596 1461 1488 161 magnifique entrée de ce Prince,

590 1596 1497 175 qui reuenoit vainqueur de la

610 1736 1477 164 Perſe. Roxelane Sultane Reine

599 1891 1488 140 ſuiuie de toutes les autres, partit

599 2005 1491 169 du Serrail dans des chariots d'é¬

596 2157 1491 161 carlatte en broderie d'or, & ſe

602 2300 1485 161 rendit à la ſuperbe loge, que

599 2438 1488 157 l’on auoit deſtinée pour elle.

599 2563 1494 176 Tous les Ambaſſadeurs des Prin¬

660 2718 1433 161 es Chreſtiens, y furent prendre

713 2861 1374 223 urs places; celuy de France eut

584 219 120 120 2

906 195 894 152 L'Illustre Baſſa
