2479 3508
412 406 1523 146 commandé encor vne fois, de

420 529 1509 198 luy aprendre leurs differents,

418 684 1502 152 elle continua ſon diſcours.

403 830 1523 187 Puis qu’il faut (dit-elle) que

406 982 1523 166 i’obeiſſe, & que ie ne puis con¬

409 1137 1517 149 ſeruer vn mary, ſans deſcou¬

403 1277 1526 164 urir les malheurs de mon

394 1414 1532 193 pere, il faut diſ-ie que i’apren¬

397 1563 1529 182 ne à ta Hauteſſe, que ſon nom

397 1701 1526 178 eſt Arſalon, qu’il eſt né ſuiet

394 1841 1523 199 du Sophi de Perſe, & que dans

394 1993 1503 199 le temps qu’il eſtoit à ſa Cour,

394 2142 1520 182 il eſtoit Satrape d’Aderbion,

397 2300 1532 167 & ſi conſiderable aupres de

394 2455 1529 170 Tachmas, qu'il n'y auoit per¬

403 2581 1523 193 ſonne en cet Empire, qui le

397 2739 1529 172 fuſt dauantage que luy. Mais

397 2899 1535 141 comme ſon humeur à touſ¬

388 3040 1541 166 jours eſté violente en toutes

1397 3209 272 167 C iij

701 252 877 160 Liure premier.

1774 271 167 149 37
