2479 3508
312 382 1503 152 le Sultan de prendre ſa vie au

315 520 1494 166 lieu de la ſienne, ſi ſa faute

306 675 1483 158 n’obtenoit point de pardon.

309 818 1497 149 Soliman tendit les bras à cet

304 958 1508 173 illuſtre Baſſa, & luy dit en le

304 1113 1502 161 releuant, que quand il auroit

306 1257 1497 172 la foudre à la main, ſes prieres

298 1411 1511 158 l’arreſteroient: & que ne pou¬

292 1549 1520 184 uant luy rien refuſer, il luy ac¬

298 1692 1511 173 cordoit la vie & le pardon de

298 1847 1511 161 ce temeraire. Ibrahim ſe ietta

298 1996 1511 164 encore vne fois aux pieds du

292 2136 1511 185 Sultan pour luy rendre grace,

295 2283 1511 172 & apres auoir obtenu du Baſſa

295 2426 1511 175 de la Mer, que cet Eſclaue al¬

295 2554 1511 196 laſt paſſer la nuict chez luy, il

295 2730 1508 155 luy enuoya commander de le

295 2876 1508 158 ſuiure. Toutes les magnifi¬

295 3022 1511 184 cences de ce triomphe eſtant

590 222 836 172 Liure premier.

1645 263 182 140 24
