2479 3508
640 239 174 146 28

654 385 1468 147 finies, Soliman commençoit

648 514 1471 164 deſia de ſe leuer, & de ſe pre¬

643 666 1482 193 parer à s'en retourner au Ser¬

648 798 1477 178 rail, lors qu’il aperceut Oſ¬

648 944 1474 169 man fils vnique du Baſſa de la

651 1084 1474 181 Mer, qui fendant la preſſe &

651 1245 1471 161 conduisant vne femme par la

648 1388 1474 155 main, vint ſe ietter à ſes pieds

648 1523 1477 178 auſſi bien qu'elle. Ie ſçay bien

651 1675 1474 178 Seigneur (luy dit-il) que ma

654 1818 1471 161 hardieſſe eſt extreme; mais ie

648 1952 1477 184 ſçay bien auſſi que ta bonté

646 2098 1476 188 eſt infinie. Ie n’ay toutesfois

648 2253 1480 161 beſoin d’elle en cette rencon¬

654 2408 1471 164 tre, que pour me permettre de

651 2552 1477 160 te reconnoiſtre pour Iuge, &

651 2698 1474 158 d’obtenir de toy, qu’en vn

651 2829 1474 187 iour ou tu reçois de ſi glorieu¬

648 2987 1483 190 ses marques de ta valeur, tu

996 210 889 184 L’Illuſtre Baſſa
