2479 3508
470 394 1558 187 les Maures font profeſſiõ. Auſſi.

476 552 1549 170 tort que chacun eut pris ſa place,

473 686 1555 182 le Gouuemeur de Conſtantino¬

467 827 1564 199 ple que les Turcs appellẽt Capitã

476 988 1558 169 Baſſa & qui eſt vn des quatre

464 1119 1570 196 premiers Officiers de l’Empire,

482 1262 1558 173 ſortit de la ville, & fut au Serrail

485 1406 1552 184 Daüt, maiſon de plaiſir du Grãd

485 1555 1558 190 Seigneur, qui n'en eſt éloignée

491 1695 1552 208 que de deux mille, pour aduertir

496 1838 1550 199 ſa Hauteſſe,qui s'y eſtoit renduë

494 2011 1552 158 le ſoir auparauant, que toutes

494 2119 1555 190 choſes eſtoient en eſtat de la re¬

499 2268 1556 193 ceuoir. A l’heure meſme Soli¬

499 2423 1556 181 man fut à cheual; & ce grand

494 2566 1564 179 Prince apres vne conqueſte ſi

494 2704 1566 225 glorieuſe, fut reuoir le ſurperbe

505 2864 1555 193 ſiege de ſon Empire. Cinquante

511 3013 1555 205 Trompettes, & cinquante Ata¬

473 298 102 146 4

830 225 938 193 L'Illuſtre Baſſa
