2479 3508
359 374 1535 169 auoit creu que Tachmas l’en¬

362 511 1529 175 freindroit pour l’amour de

368 666 1520 170 luy: & que s’il ne le vouloit

359 803 1526 205 pas, ce manquement d’affe¬

365 961 1529 173 ction, ſeroit vne raiſon aſſez

362 1105 1532 175 forte, pour l’obliger à faire re¬

362 1257 1532 154 uolter la Prouince où il com¬

359 1403 1535 166 mandoit, & dont il croyoit

365 1549 1520 158 eſtre abſolument le Maiſtre.

365 1701 1532 167 La choſe n’alla pourtant pas

368 1856 1529 152 ainſi; car les ennemis que

368 1996 1526 158 mon pere s’eſtoit faits par ſes

368 2134 1529 169 violences, trouuant vne ſi

374 2286 1523 146 belle occaſion de luy nuire,

371 2438 1529 157 repreſenterent au Sophi, que

371 2569 1523 193 s’il luy pardonnoit cette fau¬

380 2718 1520 173 te, ce ſeroit l’authoriſer à l’ad¬

377 2882 1526 158 uenir; & que ce ſeroit meſme

380 3016 1514 199 renuerſer tout cét Empire,

1274 3183 351 178 C iiij

660 222 892 166 Liure premier.

1736 247 162 138 39
