2479 3508
514 377 1535 163 & de Morions d’argent graué,

511 508 1535 167 de Rondaches d’or & de Tur¬

508 654 1544 184 quoiſes, de Cimeterres & de

511 786 1541 196 poignards dont les gardes & les

511 944 1541 149 fourreaux eſtoient d’Agathes &

508 1084 1541 167 de Cornalines, d’Arcs d'Ebene

505 1233 1544 164 marquetez d’or, de quarquois

508 1365 1538 187 d’or ſemez de perles, de piques,

499 1517 1547 140 de dards, & de fleches de bois

494 1648 1549 176 de Cedre & de Roſeau d’Inde,

494 1800 1549 152 le tout meſlé auec vn deſordre ſi

494 1949 1552 152 agreable & ſi plein d'art, & vue

491 2078 1549 167 confuſion ſi riche & ſi belle,

485 2224 1558 190 que rien n’approchoit de la ma¬

485 2376 1561 181 gnificence de ce trophée. Trente

488 2528 1549 155 Satrapes ſuperbement veſtus à

488 2666 1546 157 la Perſienne, auec leurs Caſelbas

485 2818 1549 152 ou Turbans rouges ſuiuoiẽt ce

491 2958 1537 190 Char, attachez deux à deux auec

514 231 111 134 8

833 192 941 185 L'Illuſtre Baſſa
