<?xml version="1.0" encoding="UTF-8"?>
<alto xmlns:xsi="http://www.w3.org/2001/XMLSchema-instance"
      xmlns="http://www.loc.gov/standards/alto/ns-v4#"
      xsi:schemaLocation="http://www.loc.gov/standards/alto/ns-v4# http://www.loc.gov/standards/alto/v4/alto-4-2.xsd">
  <Description>
    <MeasurementUnit>pixel</MeasurementUnit>
    <sourceImageInformation>
      <fileName>Scudery1641_Ibrahim_cb31341849n_corrected_0042.png</fileName>
    </sourceImageInformation>
  </Description>
  <Tags>
    <OtherTag ID="BT7" LABEL="CustomZone" DESCRIPTION="block type CustomZone"/><OtherTag ID="BT8" LABEL="DamageZone" DESCRIPTION="block type DamageZone"/><OtherTag ID="BT9" LABEL="DigitizationArtefactZone" DESCRIPTION="block type DigitizationArtefactZone"/><OtherTag ID="BT10" LABEL="DropCapitalZone" DESCRIPTION="block type DropCapitalZone"/><OtherTag ID="BT11" LABEL="GraphicZone" DESCRIPTION="block type GraphicZone"/><OtherTag ID="BT12" LABEL="MainZone" DESCRIPTION="block type MainZone"/><OtherTag ID="BT13" LABEL="MarginTextZone" DESCRIPTION="block type MarginTextZone"/><OtherTag ID="BT14" LABEL="MusicZone" DESCRIPTION="block type MusicZone"/><OtherTag ID="BT15" LABEL="NumberingZone" DESCRIPTION="block type NumberingZone"/><OtherTag ID="BT17" LABEL="QuireMarksZone" DESCRIPTION="block type QuireMarksZone"/><OtherTag ID="BT18" LABEL="RunningTitleZone" DESCRIPTION="block type RunningTitleZone"/><OtherTag ID="BT19" LABEL="SealZone" DESCRIPTION="block type SealZone"/><OtherTag ID="BT20" LABEL="StampZone" DESCRIPTION="block type StampZone"/><OtherTag ID="BT21" LABEL="TableZone" DESCRIPTION="block type TableZone"/><OtherTag ID="BT22" LABEL="TitlePageZone" DESCRIPTION="block type TitlePageZone"/><OtherTag ID="BT332" LABEL="Title" DESCRIPTION="block type Title"/><OtherTag ID="BT333" LABEL="Damage" DESCRIPTION="block type Damage"/><OtherTag ID="BT334" LABEL="Decoration" DESCRIPTION="block type Decoration"/><OtherTag ID="BT335" LABEL="Margin" DESCRIPTION="block type Margin"/><OtherTag ID="BT336" LABEL="Stamp" DESCRIPTION="block type Stamp"/><OtherTag ID="BT337" LABEL="DropCapital" DESCRIPTION="block type DropCapital"/><OtherTag ID="BT338" LABEL="Main" DESCRIPTION="block type Main"/><OtherTag ID="BT339" LABEL="Signatures" DESCRIPTION="block type Signatures"/><OtherTag ID="BT340" LABEL="RunningTitle" DESCRIPTION="block type RunningTitle"/><OtherTag ID="BT341" LABEL="Numbering" DESCRIPTION="block type Numbering"/>
    <OtherTag ID="LT7" LABEL="CustomLine" DESCRIPTION="line type CustomLine"/><OtherTag ID="LT8" LABEL="DefaultLine" DESCRIPTION="line type DefaultLine"/><OtherTag ID="LT9" LABEL="DropCapitalLine" DESCRIPTION="line type DropCapitalLine"/><OtherTag ID="LT10" LABEL="HeadingLine" DESCRIPTION="line type HeadingLine"/><OtherTag ID="LT11" LABEL="InterlinearLine" DESCRIPTION="line type InterlinearLine"/><OtherTag ID="LT12" LABEL="MusicLine" DESCRIPTION="line type MusicLine"/><OtherTag ID="LT210" LABEL="Default" DESCRIPTION="line type Default"/><OtherTag ID="LT211" LABEL="Rubric" DESCRIPTION="line type Rubric"/>
  </Tags>
  <Layout>
    <Page WIDTH="2479"
          HEIGHT="3508"
          PHYSICAL_IMG_NR="28"
          ID="eSc_dummypage_">
      <PrintSpace HPOS="0"
                  VPOS="0"
                  WIDTH="2479"
                  HEIGHT="3508">
        <TextBlock HPOS="411.0"
                   VPOS="216.0"
                   WIDTH="1762.0"
                   HEIGHT="3231.0"
                   ID="eSc_textblock_5fdf61bc"
                   TAGREFS="BT338">
          <Shape><Polygon POINTS="411 216 411 3447 2173 3447 2173 216"/></Shape>
          <TextLine ID="tl_2"
                    TAGREFS="LT210"
                    BASELINE="450 353 864 337 1040 341 1284 335 1454 337 1786 332 1914 335 1964 338 2136 377" 
                    HPOS="444"
                    VPOS="216"
                    WIDTH="1690"
                    HEIGHT="169">
            <Shape><Polygon POINTS="1868 216 1792 216 1754 242 1704 225 1695 225 1645 242 1619 219 1604 219 1575 242 1467 225 1397 245 1362 219 1277 219 1207 245 1175 222 1090 219 1043 245 1014 219 909 219 882 239 786 219 739 248 444 248 450 382 520 362 575 385 584 385 634 359 771 374 815 353 891 353 970 359 1002 382 1002 385 1093 371 1169 385 1221 359 1274 380 1286 380 1286 377 1312 353 1333 365 1338 365 1546 350 1607 350 1642 382 1651 385 1806 385 1806 382 1894 350 1976 350 2008 382 2017 385 2131 385 2134 374 2131 236 1926 242 1868 216"/></Shape>
	    <String CONTENT="nommé. Ils font les tempeſtes &amp;"
                    HPOS="444"
                    VPOS="216"
                    WIDTH="1690"
                    HEIGHT="169"></String>
          </TextLine>
          <TextLine ID="tl_3"
                    TAGREFS="LT210"
                    BASELINE="441 505 572 502 892 547 1260 541 1570 486 1818 490 2138 529" 
                    HPOS="435"
                    VPOS="356"
                    WIDTH="1701"
                    HEIGHT="202">
            <Shape><Polygon POINTS="438 502 435 517 584 508 757 549 1213 558 1525 514 1759 514 1838 558 1850 558 1900 520 2002 526 2022 546 2031 546 2136 526 2134 374 2014 400 1976 374 1903 371 1835 403 1797 382 1789 382 1733 400 1660 368 1441 365 1417 380 1403 362 1394 362 1312 365 1254 400 1154 382 1148 382 1119 397 958 394 885 356 830 359 792 391 505 391 473 362 458 362 438 374 438 502"/></Shape>
	    <String CONTENT="les nauffrages quãd il leur plaiſt;"
                    HPOS="435"
                    VPOS="356"
                    WIDTH="1701"
                    HEIGHT="202"></String>
          </TextLine>
          <TextLine ID="tl_4"
                    TAGREFS="LT210"
                    BASELINE="442 661 561 658 703 661 897 653 1141 658 1493 639 1611 640 1857 645 2137 629" 
                    HPOS="435"
                    VPOS="523"
                    WIDTH="1701"
                    HEIGHT="175">
            <Shape><Polygon POINTS="1049 546 1020 546 993 561 958 546 847 561 783 543 771 543 733 570 435 552 444 698 485 681 719 689 803 672 932 684 991 686 1040 666 1096 695 1181 681 1271 692 1379 672 1496 678 1528 654 1610 672 1780 654 1835 678 1984 675 2136 643 2128 543 1853 549 1780 526 1768 526 1733 555 1689 555 1651 529 1502 523 1432 552 1394 526 1382 526 1315 561 1286 543 1271 543 1239 564 1061 543 1049 546"/></Shape>
	    <String CONTENT="ils en exciteroyẽt ſur la mer paci¬"
                    HPOS="435"
                    VPOS="523"
                    WIDTH="1701"
                    HEIGHT="175"></String>
          </TextLine>
          <TextLine ID="tl_5"
                    TAGREFS="LT210"
                    BASELINE="420 861 519 861 1533 798 1735 797 2143 804" 
                    HPOS="412"
                    VPOS="663"
                    WIDTH="1730"
                    HEIGHT="225">
            <Shape><Polygon POINTS="412 742 418 879 505 874 540 888 549 888 666 856 762 874 836 844 1198 830 1257 853 1289 862 1371 859 1414 833 1467 841 1575 815 1663 838 1689 841 1739 827 1955 830 2022 809 2139 818 2142 803 2134 675 1856 675 1835 695 1710 698 1616 663 1604 663 1604 666 1566 701 1517 689 1426 713 1406 701 1385 698 1359 716 1321 692 1306 692 1306 695 1283 713 1265 698 1265 695 1254 695 1207 713 1093 684 1084 684 1029 716 991 689 979 689 932 704 900 689 894 689 780 710 733 698 722 698 701 724 657 727 587 707 429 713 429 716 412 730 412 742"/></Shape>
	    <String CONTENT="fique, &amp; trouueroyẽt des eſcueils"
                    HPOS="412"
                    VPOS="663"
                    WIDTH="1730"
                    HEIGHT="225"></String>
          </TextLine>
          <TextLine ID="tl_6"
                    TAGREFS="LT210"
                    BASELINE="454 1003 515 1003 1196 976 1336 957 1530 955 1838 952 2002 954 2138 959" 
                    HPOS="447"
                    VPOS="818"
                    WIDTH="1689"
                    HEIGHT="196">
            <Shape><Polygon POINTS="651 853 564 856 447 885 453 1011 765 1014 815 996 879 1011 1002 988 1084 1002 1227 979 1251 991 1274 996 1289 991 1315 976 1458 985 1499 985 1599 967 1657 982 1800 979 1830 961 1908 976 2136 964 2128 847 2081 847 2052 821 2052 818 2037 818 1987 853 1707 859 1631 821 1561 821 1502 844 1397 827 1347 871 1315 847 1303 847 1210 879 1107 879 967 841 780 876 742 876 716 853 716 850 660 850 651 853"/></Shape>
	    <String CONTENT="&amp; des rochers, en des lieux où les"
                    HPOS="447"
                    VPOS="818"
                    WIDTH="1689"
                    HEIGHT="196"></String>
          </TextLine>
          <TextLine ID="tl_7"
                    TAGREFS="LT210"
                    BASELINE="443 1125 900 1121 1082 1119 1356 1114 1598 1156 1884 1123 2146 1115" 
                    HPOS="438"
                    VPOS="991"
                    WIDTH="1707"
                    HEIGHT="175">
            <Shape><Polygon POINTS="672 996 496 1005 467 1005 464 996 441 996 441 999 438 999 441 1122 447 1166 491 1140 596 1157 616 1143 774 1151 815 1137 882 1154 894 1154 894 1151 912 1137 970 1151 979 1151 1031 1137 1107 1163 1280 1134 1330 1151 1429 1137 1464 1160 1774 1143 1868 1157 2043 1128 2139 1145 2145 1113 2142 1017 2072 993 2060 993 2020 1020 1771 1020 1716 993 1704 993 1675 1020 1578 1020 1561 999 1546 999 1520 1020 1420 1005 1359 1023 1257 991 1198 991 1145 1026 1037 1026 1002 993 944 993 900 1026 830 996 821 996 762 1029 704 996 672 996"/></Shape>
	    <String CONTENT="Pilottes les plus experts, n&#x27;en"
                    HPOS="438"
                    VPOS="991"
                    WIDTH="1707"
                    HEIGHT="175"></String>
          </TextLine>
          <TextLine ID="tl_8"
                    TAGREFS="LT210"
                    BASELINE="459 1281 619 1279 1009 1270 1583 1262 1907 1261 2145 1265" 
                    HPOS="456"
                    VPOS="1148"
                    WIDTH="1686"
                    HEIGHT="164">
            <Shape><Polygon POINTS="1575 1175 1569 1181 1560 1153 1470 1151 1458 1151 1391 1178 1341 1157 1333 1157 1292 1178 1248 1154 1236 1154 1192 1181 891 1169 818 1186 765 1166 757 1166 663 1189 619 1163 608 1163 555 1186 499 1169 491 1169 456 1181 458 1289 537 1312 666 1292 722 1309 947 1289 1064 1306 1169 1283 1227 1297 1309 1286 1335 1303 1520 1280 1616 1300 1783 1277 1865 1295 2022 1277 2139 1292 2142 1262 2139 1172 1914 1172 1882 1154 1870 1154 1870 1157 1850 1172 1815 1148 1631 1148"/></Shape>
	    <String CONTENT="ont iamais remarqué. Mais ceux"
                    HPOS="456"
                    VPOS="1148"
                    WIDTH="1686"
                    HEIGHT="164"></String>
          </TextLine>
          <TextLine ID="tl_9"
                    TAGREFS="LT210"
                    BASELINE="460 1483 527 1483 1463 1462 1669 1419 2027 1438 2149 1416" 
                    HPOS="456"
                    VPOS="1306"
                    WIDTH="1692"
                    HEIGHT="196">
            <Shape><Polygon POINTS="461 1502 508 1485 1406 1479 1599 1452 1639 1470 1648 1470 1727 1449 1900 1467 1914 1449 1999 1461 2145 1438 2148 1414 2136 1324 1984 1341 1716 1333 1692 1350 1675 1335 1493 1338 1493 1341 1423 1312 1373 1347 1342 1333 1303 1328 1248 1321 1207 1329 1146 1334 1023 1343 990 1306 904 1348 827 1320 787 1329 758 1325 716 1320 470 1342 456 1435 458 1482"/></Shape>
	    <String CONTENT="qui diſpoſent ainſi des vens, ne"
                    HPOS="456"
                    VPOS="1306"
                    WIDTH="1692"
                    HEIGHT="196"></String>
          </TextLine>
          <TextLine ID="tl_10"
                    TAGREFS="LT210"
                    BASELINE="409 1649 864 1583 947 1631 1282 1579 1386 1574 1916 1569 2150 1573" 
                    HPOS="406"
                    VPOS="1429"
                    WIDTH="1742"
                    HEIGHT="257">
            <Shape><Polygon POINTS="1487 1458 1458 1464 1394 1464 1379 1479 1356 1464 1292 1467 1239 1499 1178 1479 1064 1496 894 1479 520 1505 520 1508 473 1555 406 1566 406 1675 432 1686 444 1686 505 1645 795 1628 903 1651 1040 1628 1134 1648 1233 1601 1330 1593 1420 1610 1429 1610 1458 1593 1575 1619 1745 1607 1800 1581 1903 1596 2145 1578 2148 1572 2136 1452 1794 1473 1739 1429 1727 1429 1625 1487 1569 1487 1496 1452 1487 1458"/></Shape>
	    <String CONTENT="ſcauent pas que le Prophete nous"
                    HPOS="406"
                    VPOS="1429"
                    WIDTH="1742"
                    HEIGHT="257"></String>
          </TextLine>
          <TextLine ID="tl_11"
                    TAGREFS="LT210"
                    BASELINE="467 1743 654 1741 894 1757 1144 1734 1452 1734 1618 1730 1898 1729 2154 1732" 
                    HPOS="461"
                    VPOS="1607"
                    WIDTH="1690"
                    HEIGHT="176">
            <Shape><Polygon POINTS="1017 1619 1008 1619 955 1642 955 1645 716 1645 608 1619 461 1645 464 1783 575 1780 637 1756 660 1777 660 1780 675 1780 786 1756 961 1780 1043 1777 1043 1774 1067 1756 1154 1768 1178 1751 1318 1777 1464 1745 1832 1745 1862 1753 1914 1774 1923 1774 2002 1745 2034 1756 2046 1756 2063 1745 2087 1762 2087 1765 2098 1765 2151 1748 2148 1637 2055 1613 2046 1613 2031 1625 2011 1607 1938 1610 1938 1613 1911 1637 1783 1637 1724 1610 1616 1631 1470 1610 1409 1639 1409 1642 1300 1642 1236 1613 1119 1637 1037 1613 1017 1619"/></Shape>
	    <String CONTENT="aſſeure, que Dieu les tient dans"
                    HPOS="461"
                    VPOS="1607"
                    WIDTH="1690"
                    HEIGHT="176"></String>
          </TextLine>
          <TextLine ID="tl_12"
                    TAGREFS="LT210"
                    BASELINE="432 1947 605 1898 763 1903 1179 1890 1557 1886 1629 1882 1763 1824 2153 1868" 
                    HPOS="423"
                    VPOS="1745"
                    WIDTH="1728"
                    HEIGHT="201">
            <Shape><Polygon POINTS="429 1946 686 1914 809 1941 1005 1920 1064 1929 1087 1929 1087 1926 1110 1911 1277 1935 1309 1908 1341 1935 1350 1938 1438 1938 1438 1935 1444 1935 1490 1906 1718 1920 1894 1903 2058 1926 2151 1897 2148 1759 2063 1745 1999 1762 1993 1762 1967 1745 1844 1762 1754 1748 1648 1777 1619 1751 1604 1751 1572 1786 1353 1786 1306 1753 1295 1753 1207 1780 1178 1792 1037 1792 1005 1771 865 1780 818 1759 672 1759 628 1780 491 1777 423 1794 429 1946"/></Shape>
	    <String CONTENT="ſes Threſors: &amp; que la Philoſo¬"
                    HPOS="423"
                    VPOS="1745"
                    WIDTH="1728"
                    HEIGHT="201"></String>
          </TextLine>
          <TextLine ID="tl_13"
                    TAGREFS="LT210"
                    BASELINE="448 2099 735 2070 805 2050 1325 2041 1813 2040 1979 2036 2155 2036" 
                    HPOS="447"
                    VPOS="1908"
                    WIDTH="1707"
                    HEIGHT="202">
            <Shape><Polygon POINTS="447 2110 628 2087 669 2104 681 2104 698 2084 798 2075 894 2096 906 2096 926 2069 1046 2069 1110 2090 1119 2090 1181 2066 1236 2087 1333 2069 1499 2087 1558 2069 1675 2081 1733 2052 1844 2078 1926 2075 1970 2046 2078 2060 2151 2043 2154 2034 2148 1926 2069 1908 1990 1958 1844 1946 1844 1949 1830 1961 1704 1920 1692 1920 1645 1952 1528 1941 1528 1944 1508 1961 1458 1944 1338 1958 1303 1941 1292 1941 1271 1955 1230 1932 1137 1932 1052 1964 955 1938 944 1938 915 1955 847 1941 771 1955 771 1958 677 1958 576 1924 453 1981 447 2098"/></Shape>
	    <String CONTENT="phie, toute clair voyante qu&#x27;elle"
                    HPOS="447"
                    VPOS="1908"
                    WIDTH="1707"
                    HEIGHT="202"></String>
          </TextLine>
          <TextLine ID="tl_14"
                    TAGREFS="LT210"
                    BASELINE="466 2205 518 2205 671 2225 820 2206 886 2205 1021 2256 1706 2197 1972 2196 2156 2176" 
                    HPOS="458"
                    VPOS="2058"
                    WIDTH="1696"
                    HEIGHT="210">
            <Shape><Polygon POINTS="844 2239 923 2245 947 2265 947 2268 958 2268 1002 2253 1061 2268 1195 2245 1286 2256 1362 2230 1651 2236 1721 2207 1856 2224 2154 2195 2154 2174 2145 2072 1835 2093 1780 2058 1765 2058 1718 2101 1432 2113 1394 2096 1335 2063 1330 2063 1125 2078 1113 2096 1102 2087 1090 2087 1029 2116 1008 2098 993 2098 950 2125 915 2104 826 2096 774 2101 765 2101 695 2125 631 2104 458 2125 467 2253"/></Shape>
	    <String CONTENT="est, n&#x27;a pu deſcouurir leur re¬"
                    HPOS="458"
                    VPOS="2058"
                    WIDTH="1696"
                    HEIGHT="210"></String>
          </TextLine>
          <TextLine ID="tl_15"
                    TAGREFS="LT210"
                    BASELINE="473 2365 726 2363 860 2359 1048 2357 1168 2356 1542 2353 1786 2348 1922 2347 2158 2328" 
                    HPOS="464"
                    VPOS="2230"
                    WIDTH="1693"
                    HEIGHT="178">
            <Shape><Polygon POINTS="1052 2253 1023 2253 996 2245 920 2248 891 2271 868 2271 695 2253 596 2283 570 2259 464 2274 470 2388 529 2400 552 2379 648 2379 710 2394 722 2394 742 2379 789 2405 798 2405 859 2373 1140 2370 1198 2405 1207 2408 1251 2408 1251 2405 1257 2405 1280 2379 1327 2405 1333 2405 1458 2397 1525 2370 1619 2400 1759 2385 1759 2382 1789 2359 1835 2391 1844 2394 2049 2394 2049 2391 2157 2347 2157 2326 2148 2253 1844 2256 1821 2236 1821 2233 1759 2230 1754 2230 1689 2262 1613 2262 1508 2242 1420 2262 1333 2239 1178 2271 1072 2250 1052 2253"/></Shape>
	    <String CONTENT="traitte. Ce n&#x27;eſt pas que ie pre¬"
                    HPOS="464"
                    VPOS="2230"
                    WIDTH="1693"
                    HEIGHT="178"></String>
          </TextLine>
          <TextLine ID="tl_16"
                    TAGREFS="LT210"
                    BASELINE="477 2521 763 2512 1083 2505 1202 2530 1299 2509 1973 2500 2157 2504" 
                    HPOS="473"
                    VPOS="2379"
                    WIDTH="1681"
                    HEIGHT="178">
            <Shape><Polygon POINTS="476 2519 476 2537 602 2557 608 2557 648 2537 684 2552 692 2552 771 2531 856 2531 862 2537 897 2554 906 2554 982 2528 1020 2546 1031 2546 1061 2528 1137 2528 1160 2549 1169 2549 1365 2522 1432 2522 1447 2531 1461 2546 1473 2546 1549 2519 1578 2543 1587 2546 1686 2546 1686 2543 1692 2543 1692 2540 1716 2519 1786 2540 2014 2514 2069 2537 2075 2537 2154 2525 2151 2405 2058 2379 2049 2379 1955 2408 1935 2408 1841 2394 1835 2394 1806 2408 1797 2408 1727 2385 1718 2385 1651 2411 1525 2411 1514 2408 1499 2397 1485 2397 1485 2400 1467 2417 1371 2417 1315 2391 1259 2391 1227 2420 1046 2420 988 2402 885 2420 859 2400 859 2397 684 2397 622 2426 572 2400 473 2405 476 2519"/></Shape>
	    <String CONTENT="tende bannir, les naufrages des"
                    HPOS="473"
                    VPOS="2379"
                    WIDTH="1681"
                    HEIGHT="178"></String>
          </TextLine>
          <TextLine ID="tl_17"
                    TAGREFS="LT210"
                    BASELINE="482 2684 809 2676 1021 2674 1155 2664 1257 2663 1901 2659 2161 2655" 
                    HPOS="476"
                    VPOS="2540"
                    WIDTH="1684"
                    HEIGHT="169">
            <Shape><Polygon POINTS="479 2683 479 2709 628 2692 646 2707 660 2707 681 2692 730 2709 853 2707 929 2683 967 2701 976 2701 1020 2677 1236 2692 1376 2674 1414 2701 1423 2704 1499 2704 1499 2701 1607 2698 1607 2695 1631 2674 1645 2686 1730 2677 1754 2695 1765 2695 1803 2677 1862 2695 1873 2695 1914 2669 1990 2683 2034 2666 2145 2686 2160 2671 2160 2654 2151 2540 1987 2552 1923 2578 1862 2578 1830 2552 1818 2552 1774 2572 1759 2554 1745 2554 1745 2557 1721 2575 1672 2566 1634 2581 1566 2546 1505 2546 1476 2581 1417 2584 1254 2549 1236 2549 1178 2581 985 2590 833 2566 722 2587 701 2569 689 2569 660 2581 476 2560 479 2683"/></Shape>
	    <String CONTENT="Romans: ise les approuue aux"
                    HPOS="476"
                    VPOS="2540"
                    WIDTH="1684"
                    HEIGHT="169"></String>
          </TextLine>
          <TextLine ID="tl_18"
                    TAGREFS="LT210"
                    BASELINE="486 2828 843 2828 1399 2822 1607 2836 1775 2842 1890 2811 2056 2808 2160 2814" 
                    HPOS="482"
                    VPOS="2701"
                    WIDTH="1675"
                    HEIGHT="175">
            <Shape><Polygon POINTS="485 2850 678 2841 792 2856 869 2876 932 2856 1072 2835 1169 2850 1221 2835 1297 2850 1309 2850 1327 2835 1470 2853 1476 2853 1505 2838 1537 2853 1543 2853 1809 2850 1850 2832 2096 2832 2148 2850 2157 2812 2154 2718 2066 2707 1999 2730 1938 2701 1929 2701 1903 2715 1680 2701 1634 2733 1438 2733 1411 2707 1315 2704 1300 2709 1271 2727 1154 2733 1107 2704 1037 2704 970 2742 613 2739 584 2707 482 2707 485 2826"/></Shape>
	    <String CONTENT="Ouurages des autres, &amp; ie m&#x27;en"
                    HPOS="482"
                    VPOS="2701"
                    WIDTH="1675"
                    HEIGHT="175"></String>
          </TextLine>
          <TextLine ID="tl_19"
                    TAGREFS="LT210"
                    BASELINE="453 3035 553 3035 950 2984 1066 2979 1388 2978 1438 2977 1510 2979 1984 2968 2164 2964" 
                    HPOS="441"
                    VPOS="2832"
                    WIDTH="1722"
                    HEIGHT="231">
            <Shape><Polygon POINTS="450 3034 450 3046 534 3046 578 3063 587 3063 663 3025 917 3025 917 3022 1122 2996 1242 3016 1271 2993 1338 3002 1406 2981 1479 2996 1487 2996 1502 2984 1563 3025 1572 3025 1792 3013 1838 2984 1891 3008 2022 3002 2163 2970 2163 2961 2148 2838 2087 2856 2052 2838 2037 2832 2028 2832 1897 2873 1730 2879 1651 2847 1622 2841 1479 2891 1362 2873 1312 2897 1169 2885 1090 2902 1023 2847 1008 2847 941 2899 906 2885 894 2885 868 2902 806 2859 441 2873 450 3034"/></Shape>
	    <String CONTENT="ſers dans le mien: ie ſcay meſme"
                    HPOS="441"
                    VPOS="2832"
                    WIDTH="1722"
                    HEIGHT="231"></String>
          </TextLine>
          <TextLine ID="tl_20"
                    TAGREFS="LT210"
                    BASELINE="483 3192 672 3139 800 3140 1126 3141 1192 3134 1420 3134 1554 3133 1648 3125 1770 3124 1922 3125 2159 3120" 
                    HPOS="476"
                    VPOS="2987"
                    WIDTH="1681"
                    HEIGHT="219">
            <Shape><Polygon POINTS="482 3189 482 3206 552 3206 552 3203 646 3163 967 3154 1031 3177 1040 3177 1105 3160 1134 3180 1143 3183 1207 3183 1207 3180 1213 3180 1254 3145 1520 3157 1549 3142 1596 3160 1607 3160 1625 3139 1794 3151 1844 3136 1941 3154 2154 3127 2157 3119 2151 3019 2087 3016 2052 2987 2037 2987 1976 3025 1926 3025 1862 2990 1850 2990 1850 2993 1809 3028 1639 3008 1593 3025 1514 3005 1502 3005 1458 3043 1417 3043 1359 2999 1201 3002 1131 3051 1052 3013 710 3019 710 3022 678 3051 616 3031 605 3031 546 3078 476 3078 482 3189"/></Shape>
	    <String CONTENT="que la Mer eſt la Scene la plus"
                    HPOS="476"
                    VPOS="2987"
                    WIDTH="1681"
                    HEIGHT="219"></String>
          </TextLine>
          <TextLine ID="tl_21"
                    TAGREFS="LT210"
                    BASELINE="467 3351 811 3294 883 3303 994 3341 1341 3293 1749 3287 2167 3252" 
                    HPOS="453"
                    VPOS="3136"
                    WIDTH="1713"
                    HEIGHT="275">
            <Shape><Polygon POINTS="464 3350 473 3411 546 3364 610 3361 631 3379 646 3379 686 3353 836 3344 920 3373 932 3373 932 3370 935 3370 953 3350 1090 3332 1140 3344 1151 3344 1195 3317 1335 3361 1429 3353 1429 3350 1464 3315 1511 3335 1520 3335 1628 3297 1672 3332 1686 3332 1686 3329 1713 3306 1748 3323 1756 3323 1797 3303 1835 3320 1844 3320 1882 3300 1949 3312 2166 3294 2166 3250 2154 3142 1897 3160 1882 3154 1859 3136 1844 3136 1818 3168 1733 3174 1686 3154 1675 3154 1651 3183 1552 3189 1467 3160 1365 3180 1268 3160 1198 3183 1043 3165 932 3174 862 3212 689 3195 453 3212 464 3350"/></Shape>
	    <String CONTENT="propre à faire de grands change¬"
                    HPOS="453"
                    VPOS="3136"
                    WIDTH="1713"
                    HEIGHT="275"></String>
          </TextLine>
          <TextLine ID="tl_22"
                    TAGREFS="LT211"
                    BASELINE="1966 3424 2166 3414" 
                    HPOS="1955"
                    VPOS="3323"
                    WIDTH="208"
                    HEIGHT="123">
            <Shape><Polygon POINTS="1964 3423 1964 3446 2163 3426 2163 3411 2151 3323 1955 3332 1964 3423"/></Shape>
	    <String CONTENT="mens"
                    HPOS="1955"
                    VPOS="3323"
                    WIDTH="208"
                    HEIGHT="123"></String>
          </TextLine>
        </TextBlock>
        <TextBlock HPOS="870.0"
                   VPOS="56.0"
                   WIDTH="878.0"
                   HEIGHT="202.0"
                   ID="eSc_textblock_b639d1c7"
                   TAGREFS="BT340">
          <Shape><Polygon POINTS="870 56 870 258 1748 258 1748 56"/></Shape>
          <TextLine ID="tl_1"
                    TAGREFS="LT210"
                    BASELINE="910 194 1733 186" 
                    HPOS="906"
                    VPOS="61"
                    WIDTH="824"
                    HEIGHT="149">
            <Shape><Polygon POINTS="909 192 909 210 1730 204 1730 184 1724 84 1593 81 1561 61 1558 61 1555 61 1552 61 1464 81 1449 84 1441 81 1411 70 1409 70 1406 70 1353 81 1335 84 1330 81 1306 61 1303 61 1300 61 1181 61 1178 61 1175 61 1172 61 1151 78 1140 87 1078 78 1029 73 1026 73 1023 73 1005 78 982 87 973 78 958 67 958 64 955 64 953 64 950 64 947 64 906 76 909 192"/></Shape>
	    <String CONTENT="PREFACE."
                    HPOS="906"
                    VPOS="61"
                    WIDTH="824"
                    HEIGHT="149"></String>
          </TextLine>
        </TextBlock>
      </PrintSpace>
    </Page>
  </Layout>
</alto>
