2479 3508
438 190 1701 172 catement les paſsions, qu'on peut

432 333 1699 172 l’apeller le Peintre de l'ame. Il va

429 488 1699 184 chercher dans le fond des cœurs,

429 640 1699 198 les plus ſecrets ſentimens; et dans

429 809 1699 170 la diuerſité des naturels qu'il re¬

394 955 1719 214 preſente, chacun trouue ſon por¬

418 1151 318 141 trait.

751 1257 1257 187 Enfin ſi parmi les mortels,

692 1400 1424 181 Quelqu’vn merite des Autels,

631 1537 1485 176 Vrfé ſeul a droit d’y pretendre.

412 1698 1701 146 Certainement il n'est rien de plus

412 1865 1704 152 important, dans cette espece de

409 2017 1707 169 compoſition, que d'imprimer for¬

403 2174 1713 152 tement l'Idée, ou pour mieux di¬

397 2312 1716 190 re l'Jmage des Heros, en l'eſprit

406 2478 1704 167 du Lecteur: mais en facon qu'ils

365 2631 1739 175 ſoyent comme de ſa connoisſance:

400 2802 1704 150 car c'eſt ce qui intereſse en leurs

394 2961 1713 164 auantures, & de là que vient

350 3101 1757 240 ſon plaiſir. Or pour les faire con¬

853 29 848 169 PREFACE.
