2479 3508
806 73 822 146 PREFACE.

362 222 1716 166 Throne, & dans le cercueil: &

362 371 1716 196 qui par cette confuſion peu iudi¬

362 523 1713 199 cieuſe, embarraſſent celuy qui cõ¬

336 686 1748 185 ſidere leur Ouurage: Mais auec

368 844 1710 173 vne adreſſe incomparable, ils

368 1002 1713 170 ont commencé leur hiſtoire par le

365 1151 1716 179 milieu, afin de donner de la ſu¬

342 1309 1742 216 ſpenſion au Lecteur, dés l'ouuer¬

371 1470 1716 181 ture du liure: & pour s'enfermer

362 1625 1722 175 dãs des bornes raiſõnables, ils ont

353 1777 1728 199 fait (& moy apres eux) que l'hi¬

342 1944 1742 178 ſtoire ne dure qu'vne année, &

374 2104 1730 182 que le reſte eſt par narratiõ, ainſi

380 2262 1707 181 toutes les choſes ſe trouuant inge¬

374 2426 1716 164 nieuſement placées, & d’vne iu¬

347 2569 1740 190 ſte grandeur; il en reſulte indubi¬

374 2712 1716 225 tablement du plaiſir, pour celuy

382 2882 1708 193 qui les regarde, & de la gloire

377 3057 1710 170 pour celuy qui les a faites. Mais

380 3201 1710 213 entre toutes les regles qu'il faut
