2479 3508
862 114 854 149 PREFACE.

403 260 1736 166 obſeruer, en la compoſition de ces

406 412 1716 184 Ouurages, celle de la vrai-ſem¬

403 561 1736 187 blance, eſt ſans doute la plus ne¬

409 733 1730 173 ceſſaire. Elle eſt comme la pierre

377 885 1759 196 fondamentale de ce baſtiment; &

409 1043 1727 193 ce n'eſt que ſur elle qu'il ſubſi¬

382 1204 1752 207 ſte. Sans elle rien ne peut tou¬

409 1371 1727 169 cher; ſans elle rien ne ſcauroit

397 1525 1739 196 plaire; Et ſi cette charmante trõ¬

394 1677 1742 214 peuſe ne decoit l'eſprit dans les

418 1844 1718 181 Romans, cette eſpece de lecture le

420 2005 1716 178 deſgouſte, au lieu de le diuertir.

412 2160 1727 196 I'ay donc eſſayé de ne m'en esloi¬

406 2338 1736 164 gner iamais: i'ay obſerué pour

409 2490 1733 173 cela, les mœurs, les couſtumes, les

409 2642 1739 187 loix, les religions, & les inclina¬

418 2815 1733 169 tions des peuples: & pour donner

397 2955 1757 213 plus de vray-ſemblance aux cho¬

382 3122 1772 207 ſes, i'ay voulu que les fondemens

426 3285 1734 211 de mon Quurage fußent hiſtori¬
