2479 3508
871 84 795 155 PREFACE.

429 239 1631 164 ment, n'a obtenu ſa grace du Ciel.

426 374 1643 193 Ausſi ay-ie obſerué pour cela,

420 534 1643 164 l’esgalité des mœurs, en toutes les

397 675 1663 201 perſonnes qui agiſſent: ſi ce n'est

423 836 1617 175 quand les pasſions les deſreglent,

420 988 1617 172 ou quand le remors les touche.

418 1116 1645 211 I'ay meſme eu ſoin de faire en ſor¬

418 1292 1642 175 te, que les fautes que les Grands

420 1444 1640 175 ont commiſes dans mon histoire,

394 1607 1669 164 fuſſent causées par l'amour, ou

406 1756 1649 167 par l'ambition, qui ſont les plus

415 1903 1648 175 nobles des paßions : & qu’elles

388 2049 1658 193 puſſent estre reiettées, ſur les mau¬

418 2204 1625 178 uais conſeils des flateurs, afin de

415 2364 1637 173 conſeruer touſiours, le reſpect que

415 2508 1648 181 l’on doit aux Roys. Vous y ver¬

415 2666 1643 169 reZ Lecteur (ſi ie ne me trompe,) la

418 2812 1642 175 bien-ſceance des choſes et des

415 2964 1645 187 conditions, aſſeZ exactement ob¬

382 3130 1673 199 ſeruée: et ie n'ay rien mis en mon
