2479 3508
622 368 1453 158 main, au bout de laquelle il y

590 494 1488 172 auoit vne plume d’Aigle, qui

631 640 1450 140 tenoit lieu de banderole. Cette

634 768 1444 164 biſarre trouppe eſtoit ſuiuie,

634 909 1450 169 d’vn meſlange de Trompettes,

637 1037 1450 170 d’Atabales, de Hautsbois, de

637 1172 1450 155 Tambours à l’Europeane, de

628 1312 1465 170 Cimbales, & de Fiffres, qui com¬

631 1452 1465 179 poſoient vne muſique, qui n’e¬

640 1601 1458 155 ſtoit gueres moins extrauagan¬

643 1730 1450 170 te, que l’équipage de ceux qui

640 1868 1456 154 les deuançoient. Cent Pages à

648 2011 1442 149 cheual ſuiuoient ceux-cy, mon¬

651 2139 1445 149 tez ſur des Barbes blancs, & ve¬

651 2268 1447 161 ſtus de velours blanc chamarré

654 2414 1447 167 d’argẽt: derriere ces Pages vingt

651 2557 1445 152 Azapes menoient en main dix

657 2680 1444 158 cheuaux enharnachez à la Roya¬

657 2794 1444 219 le, dõt le dernier que l'on appel¬

622 248 149 123 10

970 204 848 173 L'Illustre Baſſa
