2479 3508
853 67 801 158 PREFACE.

409 236 1649 179 urage il faloit conſulter les Grecs,

409 385 1649 170 qui ont eſté nos premiers maiſtres;

385 520 1675 193 ſuiure la route qu'ils ont tenuë; Et

412 669 1648 175 tacher en les imitant, d’arriuer à

409 824 1651 175 la meſme fin, que ces grands hom¬

409 993 1660 158 mes s'eſtoient proposée. I'ay donc

409 1131 1657 172 veu dans ces fameux Romans de

406 1292 1663 160 l'Antiquité, qu'a l'imitation du

412 1444 1657 169 poëme Epique, il y a vne action

403 1584 1666 187 principale, ou toutes les autres

391 1751 1681 172 ſont attachées; qui regne par tout

412 1885 1663 202 l'ouurage; & qui fait qu'elles n'y

391 2037 1681 193 ſont employées, que pour la con¬

409 2195 1669 164 duire à ſa perfection. Cette action

409 2338 1675 167 dam l'Iliade d'Homere eſt la rui¬

418 2487 1672 184 ne de Troye: dãs ſon Odyßée, le re¬

415 2631 1672 198 tour d'Vlyſſe à Itaque: dãs Virgil-

412 2803 1681 152 le, la mort de Turne ou pour mieux

415 2946 1678 173 dire la conqueſte de l'Italie; plus

406 3087 1692 213 pres de nous dãs le Taſſe, la priſe de
