2479 3508
675 391 1403 158 Comme en effect, il fut dans

675 514 1403 175 la Mingrelie, ou ayant acheté

675 666 1403 146 vn vaiſſeau de guerre, il s’em¬

675 798 1403 152 barqua ſur la Mer Major auec

675 935 1403 164 ſa femme, qui comme elle

675 1064 1400 155 eſtoit la cauſe de ſes malheurs,

672 1210 1409 152 ne voulut point l’abandonner

675 1347 1406 158 en ſon exil. Ils furent quelque

678 1493 1400 146 temps de cette ſorte, ſans ſça¬

669 1625 1415 155 uoir quelle reſolution pren¬

672 1759 1409 138 dre, & ſans auoir d’autre deſ¬

669 1885 1415 173 ſein en la route qu’ils tenoiẽt,

672 2037 1409 155 que de s’eſloigner de la Perſe;

672 2183 1412 135 le grand coeur de mon pere

675 2312 1409 155 ne luy, permettant pas d’al¬

675 2449 1409 141 ler chercher les ennemis de

675 2590 1409 149 Tachmas, pour obtenir d’eux

675 2733 1409 134 vn lieu de retraite: car encor

678 2859 1412 216 qu’il ait quelque cruauté, il eſt

657 268 164 150 42

964 219 874 184 L'Illuſtre Baſſa
