2479 3508
862 40 813 158 PREFACE.

371 198 1733 193 faire. En effet, ceux qui font ſi

368 339 1719 201 ſouuent deffaire des armées entie¬

394 496 1699 173 res par vn homme ſeul, ont oublié

397 654 1687 152 ce Prouerbe qui dit: NVL CONTRE

394 809 1696 179 DEUX, & ne ſcauent pas que l'an¬

394 961 1696 170 tiquité nous aßeure, qu'Hercule

377 1099 1710 213 y ſeroit trop foible. Il eſt hors de

394 1277 1696 170 doute que pour repreſenter la ve¬

391 1420 1705 170 ritable ardeur heroique, il faut

397 1575 1690 187 luy faire executer quelque choſe

394 1739 1690 161 d'extraordinaire, comme par vn

400 1885 1684 158 tranſport de Heros: mais il ne

371 2031 1710 196 faut pas continuer de cette force,

380 2189 1716 187 parce qu'autrement ces actions in¬

388 2350 1696 169 croyables, degenerent en contes

397 2505 1696 161 ridicules, & ne touchent point

397 2648 1690 184 l'eſtprit. Cette faute en fait encor

394 2815 1699 143 commettre vne autre: car ceux

394 2961 1702 172 qui ne font qu'entaßer auantures

365 3119 1731 219 ſur auantures, ſans ornemens,
