2479 3508
526 415 1505 137 deſpend l'heure & l'infortune

532 552 1499 161 de noſtre vie, il faut que ie

537 695 1497 149 deſcouure les cruautez de

532 841 1502 161 mon pere, & qu’Oſman accu¬

532 976 1505 178 ſe le ſien. Iuge apres cela Sei¬

532 1113 1508 214 gneur, ſi mes larmes ſont iu¬

537 1286 1503 146 ſtes, & ſi aymant nos ennemis

540 1417 1506 170 au point que nous faiſons, ce

540 1566 1506 161 n’eſt pas eſtre expoſée à vn

540 1704 1506 164 malheur extreme, que d’eſtre

546 1853 1500 164 contrainte de publier leur

549 1990 1503 170 honte, de les accuſer, & de de¬

549 2145 1503 158 mander iuſtice contre-eux?

549 2268 1511 184 Alibech ſe trouua lors telle¬

555 2432 1500 166 ment oppreſſée de douleur,

558 2578 1505 196 qu’elle fut quelque temps

558 2718 1505 173 ſans pouuoir parler: mais So¬

558 2867 1502 161 liman ayant loüé en elle vn

558 3016 1508 196 ſi beau ſentiment, & luy ayant

508 291 214 141 36

859 239 880 190 L'Illuſtre Baſſa
