2479 3508
616 377 1491 181 luy demander permiſſion d’y

613 517 1491 167 reſpondre; mais luy ayant fait

608 643 1502 204 ſigne qu’il le ſouhaitoit, elle

602 792 1502 190 ſe tourna vers Soliman, auec

602 953 1502 157 vne contenance modeſte &

605 1090 1496 175 aſſurée tout enſemble, qui

602 1245 1494 164 commença deſia de luy obte¬

596 1382 1502 161 nir l’attention & la bien-veil¬

596 1528 1502 179 lance, de tous ceux qui la pou¬

590 1680 1503 152 uoient entendre. Alibech

596 1821 1494 152 (c’eſt ainſi que s'appeloit cet¬

587 1964 1503 161 te femme) eſtoit ieune & bel¬

587 2107 1500 184 le, & l’on euſt pu dire que ſa

584 2256 1503 164 beauté euſt eſté ſans compa¬

584 2400 1497 172 raiſon, ſi elle n'euſt pas eu le

581 2540 1491 175 teint vn peu hallé du Soleil.

575 2686 1500 175 Elle auoit la mine haute ſans

575 2829 1500 202 eſtre ſuperbe, & vne ingenui¬

578 2993 1503 196 té ſur le viſage, qui ne permet¬

1903 3177 169 170 toit

587 216 158 164 32

944 216 903 172 L’Illuſtre Baſſa
