2479 3508
368 336 1578 160 de meſme aux mains & aux

362 453 1587 228 pieds, portoient le Throſne d'or

371 616 1578 179 maſſif, de Tachmas Sophi de

380 777 1572 167 Perſe, que l’on auoit trouué dans

380 926 1569 149 Tauris, & tous les riches vaſes

382 1064 1573 172 d’Agathe & de Turquoiſe, dont

385 1210 1570 169 ce Monarque ſe ſeruoit. Douze

385 1362 1567 166 Elephants eſtoient menez apres

385 1508 1564 155 cela, & deux cents Chameaux

388 1651 1567 179 chargez de l’or, de l’argent, &

388 1818 1570 149 des pierreries, que l'on auoit pri¬

394 1935 1570 175 ſes dans le Threſor du Sophi. Vn

385 2075 1579 222 grand Char tiré par douze Bar¬

400 2245 1573 155 bes iſabelle ſuiuoit apres, où

397 2370 1579 196 pendoient cent Drapeaux deſ¬

397 2534 1582 193 ployez que les Turcs auoient gai¬

403 2692 1581 155 gnez ſur les Perſes, au milieu

412 2826 1570 164 deſquels s’eſleuoit vn ſuperbe

412 2967 1570 219 Trophée, compoſé de cuiraſſes

1435 3136 289 179 A iiij

733 184 854 172 Liure premier.

1827 210 114 126 7
