2479 3508
552 333 1529 163 ſa Hauteſſe, luy offrirent vn li¬

555 485 1526 161 ure de la loy couvert d'or & de

558 625 1526 167 Turquoiſes, & apres s’eſtre deſ¬

555 762 1529 173 coupé les bras & le viſage avec

558 909 1532 181 vn grand couteau, pour l'amour

558 1040 1529 184 du Prophete & du Sultan, ils ſe

555 1207 1532 164 retirerent, & firent place à ceux

555 1347 1532 158 qui les deuoient ſuiure. Les Mar¬

552 1487 1532 182 chands Turcs, Chreſtiens, &

549 1625 1541 178 Iuifs, meſlez enſemble, parurent

552 1765 1538 190 lors richement vertus, & au mi¬

549 1917 1538 167 lieu d’eux vn Char tiré par dou¬

555 2060 1541 190 ze Amours couronnez de fleurs,

549 2204 1544 175 ſur lequel eſtoit dreſſée vne bou¬

552 2350 1538 193 tique de drap d'or, & de tapis

555 2493 1538 178 de Perſe qu’ils preſenterent au

549 2642 1541 173 Sultan. Les Orpheures les ſui¬

546 2791 1544 161 uirẽt auec vn buffet de vaiſſelle

552 2923 1538 216 d’or cizelée, ſur vne machine

1873 3092 214 158 d’ar¬

558 178 164 152 16

964 166 892 196 L’Illuſtre Baſſa
