2479 3508
572 327 1497 164 chaiſner, & de traiſner leurs

570 470 1496 152 drapeaux par terre. Mais com¬

564 596 1505 202 me le combat fut commencé,

564 762 1505 164 ce genereux Eſclaue qui auoit

570 900 1502 155 attiré les yeux de toute l'aſ¬

564 1029 1508 184 ſemblée ſur luy, à la priſe de

572 1186 1497 164 la feinte ville de Tauris, tom¬

570 1330 1502 181 ba tout à coup d’vn ieu, dans

570 1479 1502 172 vne penſée plus ſerieuſe; &

572 1625 1497 158 eſtant emporté du zele de ſa

567 1768 1508 170 Religion, il paſſa de la troupe

570 1906 1499 190 Turque dans la Chreſtienne,

572 2066 1500 164 & en changeant de parti, fit

567 2210 1505 152 changer la face des choſes. Les

570 2344 1502 184 Turcs qu'il auoit abandõnez,

567 2505 1505 155 taſcherent bien de le vaincre

564 2648 1508 164 auecques les autres, mais il les

564 2797 1505 152 mena batant iuſques dans les

570 2946 1499 205 porte de la ville; & quoy

572 190 214 149 24

917 134 904 216 L'Illuſtre Baſſa
