2479 3508
575 374 1529 155 auſſi bien que l'habillement de

575 514 1532 155 cét Illuſtre Baſſa, le tout en bro¬

572 657 1535 164 derie de groſſes perles: il portoit

572 795 1535 169 à la main & ſans fourreau le Ci¬

570 944 1534 158 metterre Imperial. Les cent

570 1081 1537 167 Peiks ou laquais du Grand Sei¬

567 1216 1537 204 gneur marchoient en ſuitte ſans

572 1385 1529 152 tenir de rang, auec leurs bonnets

570 1517 1531 163 d'argent maſſif ſur la teſte: du

564 1657 1540 178 milieu deſquels ſortoit d‘vn tuy¬

564 1821 1534 146 au couuert de pierreries, des Ai¬

555 1949 1543 196 grettes d’vne grandeur extraor¬

561 2104 1535 161 dinaire. Cinquãte Archers à pied

564 2245 1529 155 les ſuiuoient, auec l’arc & la fle¬

561 2373 1532 176 che à la main, au milieu deſquels

564 2519 1534 176 eſtoit Sultan Soliman, veſtu d’v¬

552 2666 1538 178 ne robe de drap d’or en brode¬

558 2821 1532 163 rie de perles & de diamants, ſon

558 2952 1532 219 Turban eſtoit orné de cinq maſ¬

578 251 144 137 12

900 216 915 175 L'Illuſtre Baſſa
