2479 3508
564 385 1540 155 rent debout des deux coſtez, &

567 505 1540 161 le ſeul Ibrahim fut aſſis aux

567 651 1543 170 pieds de fa Hauteſſe, ſur vn

564 783 1546 208 quarreau de toile d’argent. Com¬

567 938 1543 181 me chacun eut pris la place, le

567 1084 1540 146 Baſſa de la Mer qui ce iour là fai¬

567 1230 1534 161 ſoit la charge de Maiſtre des ce¬

567 1382 1543 152 remonies, aduertit les Ambaſſa¬

572 1531 1535 155 deurs, qu’ils pouuoient aller au

561 1660 1546 178 Baiſe-main, & offrir leurs pre¬

570 1806 1540 176 ſents au Grand-Seigneur. Ils y

570 1952 1534 179 furent tous, excepté celuy de

575 2101 1529 179 France, qui par vn priuilege qui

570 2248 1534 169 n’eſt accordé qu'à luy ſeul, fit

567 2391 1537 169 les ſiens en particulier: De peur

570 2540 1534 167 que cette actiõ publique, n'euſt

570 2680 1526 179 quelque image de ſeruitude.

570 2835 1534 149 Auſſi-toſt qu’ils eurent repris

572 2970 1532 201 leur rang, le Muphti parut aſſis

558 228 181 181 14

953 198 917 190 L’Illuſtre Baſſa
