2479 3508
327 336 1511 172 du Sultan, ayant eſté confirmé

330 494 1494 178 par les conſeils d’vn homme,

330 631 1511 193 qui pouuoit toutes choſes en

333 786 1508 172 ſon eſprit; il commanda au

324 917 1514 190 Baſſa de la Mer de ſe taire, &

333 1084 1514 164 à cette femme qu’Oſman

333 1233 1514 158 auoit conduite à ſes pieds, de

336 1368 1511 190 luy dire, quel intereſt elle pre¬

333 1517 1514 166 noit, en la fortune de cét hõ¬

333 1663 1508 172 me: afin qu’aprenant la choſe,

342 1809 1511 178 d'vne perſonne qui ſembloit

342 1955 1511 173 eſtre la moins capable de la

342 2104 1517 170 deſguiſer, il puſt auſſi en don¬

339 2265 1520 167 ner vn iugement plus equita¬

347 2411 1512 152 ble. Cette femme ayant ouy

353 2554 1506 147 ce commandement ne put

347 2686 1519 196 pourtãt ſe reſoudre d’y obeïr,

347 2835 1515 211 qu’auparauant elle n’euſt re¬

353 2984 1515 231 gardé Oſman, comme pour

608 190 879 181 Liure premier.

1686 192 149 152 31
