2479 3508
359 344 1558 164 dans vn Throſne, porté ſur le

359 485 1561 172 dos d'vn Chameau, & tenant en

362 622 1555 176 ſes mains le liure de l’Alcoran. Il

365 774 1555 193 eſtoit ſuiui de tous les Alfaquis,

353 912 1561 181 les Calenders, & les Deruis de la

368 1078 1552 158 ville de Conſtantinople. Tous

368 1221 1552 170 ces Religieux crioient, & hur¬

365 1371 1558 163 loient, auec vn bruit eſpou¬

362 1523 1558 166 uentable: & pour accompagner

359 1663 1564 161 leurs voix & leur dance, ils

362 1803 1561 176 frappoient des poiſles & des baſ¬

359 1952 1567 161 ſins, & faiſoient ſonner des clo¬

362 2101 1564 164 chettes: de ſorte que ce modeſte

365 2248 1561 172 clergé ne tenoit pas peu des Or¬

368 2397 1555 163 gies de l’ancienne Grece, & des

374 2543 1552 158 Bacchanales de la vieille Ro¬

368 2695 1558 152 me. Comme ils furent deuant le

365 2823 1561 188 Sultan, ils s'arreſterent, firent

368 2981 1555 199 des prieres pour la proſperité de

666 181 877 169 Liure premier.

1771 216 158 137 15
