<?xml version="1.0" encoding="UTF-8"?>
<alto xmlns:xsi="http://www.w3.org/2001/XMLSchema-instance"
      xmlns="http://www.loc.gov/standards/alto/ns-v4#"
      xsi:schemaLocation="http://www.loc.gov/standards/alto/ns-v4# http://www.loc.gov/standards/alto/v4/alto-4-2.xsd">
  <Description>
    <MeasurementUnit>pixel</MeasurementUnit>
    <sourceImageInformation>
      <fileName>Scudery1641_Ibrahim_cb31341849n_corrected_0036.png</fileName>
    </sourceImageInformation>
  </Description>
  <Tags>
    <OtherTag ID="BT7" LABEL="CustomZone" DESCRIPTION="block type CustomZone"/><OtherTag ID="BT8" LABEL="DamageZone" DESCRIPTION="block type DamageZone"/><OtherTag ID="BT9" LABEL="DigitizationArtefactZone" DESCRIPTION="block type DigitizationArtefactZone"/><OtherTag ID="BT10" LABEL="DropCapitalZone" DESCRIPTION="block type DropCapitalZone"/><OtherTag ID="BT11" LABEL="GraphicZone" DESCRIPTION="block type GraphicZone"/><OtherTag ID="BT12" LABEL="MainZone" DESCRIPTION="block type MainZone"/><OtherTag ID="BT13" LABEL="MarginTextZone" DESCRIPTION="block type MarginTextZone"/><OtherTag ID="BT14" LABEL="MusicZone" DESCRIPTION="block type MusicZone"/><OtherTag ID="BT15" LABEL="NumberingZone" DESCRIPTION="block type NumberingZone"/><OtherTag ID="BT17" LABEL="QuireMarksZone" DESCRIPTION="block type QuireMarksZone"/><OtherTag ID="BT18" LABEL="RunningTitleZone" DESCRIPTION="block type RunningTitleZone"/><OtherTag ID="BT19" LABEL="SealZone" DESCRIPTION="block type SealZone"/><OtherTag ID="BT20" LABEL="StampZone" DESCRIPTION="block type StampZone"/><OtherTag ID="BT21" LABEL="TableZone" DESCRIPTION="block type TableZone"/><OtherTag ID="BT22" LABEL="TitlePageZone" DESCRIPTION="block type TitlePageZone"/><OtherTag ID="BT332" LABEL="Title" DESCRIPTION="block type Title"/><OtherTag ID="BT333" LABEL="Damage" DESCRIPTION="block type Damage"/><OtherTag ID="BT334" LABEL="Decoration" DESCRIPTION="block type Decoration"/><OtherTag ID="BT335" LABEL="Margin" DESCRIPTION="block type Margin"/><OtherTag ID="BT336" LABEL="Stamp" DESCRIPTION="block type Stamp"/><OtherTag ID="BT337" LABEL="DropCapital" DESCRIPTION="block type DropCapital"/><OtherTag ID="BT338" LABEL="Main" DESCRIPTION="block type Main"/><OtherTag ID="BT339" LABEL="Signatures" DESCRIPTION="block type Signatures"/><OtherTag ID="BT340" LABEL="RunningTitle" DESCRIPTION="block type RunningTitle"/><OtherTag ID="BT341" LABEL="Numbering" DESCRIPTION="block type Numbering"/>
    <OtherTag ID="LT7" LABEL="CustomLine" DESCRIPTION="line type CustomLine"/><OtherTag ID="LT8" LABEL="DefaultLine" DESCRIPTION="line type DefaultLine"/><OtherTag ID="LT9" LABEL="DropCapitalLine" DESCRIPTION="line type DropCapitalLine"/><OtherTag ID="LT10" LABEL="HeadingLine" DESCRIPTION="line type HeadingLine"/><OtherTag ID="LT11" LABEL="InterlinearLine" DESCRIPTION="line type InterlinearLine"/><OtherTag ID="LT12" LABEL="MusicLine" DESCRIPTION="line type MusicLine"/><OtherTag ID="LT210" LABEL="Default" DESCRIPTION="line type Default"/><OtherTag ID="LT211" LABEL="Rubric" DESCRIPTION="line type Rubric"/>
  </Tags>
  <Layout>
    <Page WIDTH="2479"
          HEIGHT="3508"
          PHYSICAL_IMG_NR="22"
          ID="eSc_dummypage_">
      <PrintSpace HPOS="0"
                  VPOS="0"
                  WIDTH="2479"
                  HEIGHT="3508">
        <TextBlock HPOS="353.0"
                   VPOS="215.0"
                   WIDTH="1843.0"
                   HEIGHT="3231.0"
                   ID="r_1_1"
                   TAGREFS="BT338">
          <Shape><Polygon POINTS="353 222 2196 215 2154 3446 374 3446"/></Shape>
          <TextLine ID="tl_2"
                    TAGREFS="LT210"
                    BASELINE="377 405 574 350 926 347 1086 343 1476 336 1626 332 1894 336 2124 326" 
                    HPOS="368"
                    VPOS="216"
                    WIDTH="1754"
                    HEIGHT="210">
            <Shape><Polygon POINTS="1967 216 1903 216 1859 230 1718 222 1631 242 1625 242 1596 216 1528 216 1464 251 1373 251 1327 230 1163 245 1137 225 1125 225 1087 245 996 228 754 257 713 242 537 245 517 260 435 248 400 289 368 289 374 403 377 426 532 374 850 368 1069 400 1102 400 1189 391 1251 365 1283 377 1292 377 1347 347 1499 362 1906 339 1970 365 2122 359 2122 324 2113 225 2011 228 1979 216 1967 216"/></Shape>
	    <String CONTENT="que toutes les parties de mon Ou¬"
                    HPOS="368"
                    VPOS="216"
                    WIDTH="1754"
                    HEIGHT="210"></String>
          </TextLine>
          <TextLine ID="tl_3"
                    TAGREFS="LT210"
                    BASELINE="383 513 515 513 728 526 1189 500 1277 500 1549 491 2122 517" 
                    HPOS="380"
                    VPOS="377"
                    WIDTH="1739"
                    HEIGHT="172">
            <Shape><Polygon POINTS="382 511 380 543 976 543 976 540 1119 514 1388 514 1578 546 1604 546 1686 517 1838 517 1873 546 1873 549 1888 549 1944 517 2046 517 2110 546 2119 514 2119 412 2017 382 1789 382 1765 400 1669 391 1639 406 1382 382 1344 418 1227 418 1213 409 1169 391 1160 391 1102 415 1020 377 1011 377 915 412 780 391 754 415 698 415 663 388 651 388 581 409 561 412 382 409 382 511"/></Shape>
	    <String CONTENT="urage, tendent a cette concluſion;"
                    HPOS="380"
                    VPOS="377"
                    WIDTH="1739"
                    HEIGHT="172"></String>
          </TextLine>
          <TextLine ID="tl_4"
                    TAGREFS="LT210"
                    BASELINE="384 721 711 721 891 665 991 664 1399 656 1785 655 1979 653 2119 638" 
                    HPOS="377"
                    VPOS="520"
                    WIDTH="1739"
                    HEIGHT="222">
            <Shape><Polygon POINTS="385 742 458 724 754 724 789 707 821 724 844 727 844 724 850 722 865 707 894 719 903 719 1026 689 1113 719 1122 719 1181 692 1242 701 1306 678 1435 678 1470 692 1496 707 1581 707 1581 704 1651 698 1692 669 1789 684 1841 666 2113 666 2116 637 2110 546 1944 534 1926 549 1926 552 1718 555 1672 520 1663 520 1514 540 1409 529 1376 567 1341 552 1333 552 1289 567 1207 534 1096 558 1052 540 1040 540 1005 572 961 558 953 558 906 581 879 561 739 575 654 552 596 555 551 549 508 564 406 567 377 587 382 719"/></Shape>
	    <String CONTENT="qu&#x27;il y ait vne forte liaiſon entre-"
                    HPOS="377"
                    VPOS="520"
                    WIDTH="1739"
                    HEIGHT="222"></String>
          </TextLine>
          <TextLine ID="tl_5"
                    TAGREFS="LT210"
                    BASELINE="376 829 631 847 813 866 1006 824 1436 818 1604 815 2106 818" 
                    HPOS="371"
                    VPOS="695"
                    WIDTH="1733"
                    HEIGHT="179">
            <Shape><Polygon POINTS="400 722 397 719 371 727 377 859 447 841 482 865 587 871 590 874 932 874 932 871 938 871 950 856 982 871 991 871 1040 850 1064 871 1072 874 1277 874 1277 871 1356 833 1482 847 1672 833 1736 865 1742 865 1800 862 1800 859 1830 833 2101 833 2104 815 2101 719 2040 695 1935 695 1891 716 1873 695 1713 695 1713 698 1680 730 1607 730 1563 695 1467 695 1432 724 1430 695 1365 707 1356 707 1321 724 1283 701 1271 701 1178 730 1090 716 976 730 935 713 926 713 882 730 874 730 803 704 792 704 760 727 575 727 543 722 517 722"/></Shape>
	    <String CONTENT="elles; &amp; qu&#x27;excepté les obſtacles"
                    HPOS="371"
                    VPOS="695"
                    WIDTH="1733"
                    HEIGHT="179"></String>
          </TextLine>
          <TextLine ID="tl_6"
                    TAGREFS="LT210"
                    BASELINE="381 1043 582 986 702 991 878 985 1120 985 1464 976 1706 978 2130 980" 
                    HPOS="374"
                    VPOS="838"
                    WIDTH="1754"
                    HEIGHT="220">
            <Shape><Polygon POINTS="380 1040 382 1058 529 1017 637 1017 686 1049 698 1049 748 1023 792 1031 859 1008 955 1008 1031 1031 1043 1031 1093 1008 1134 1029 1163 1040 1259 1040 1259 1037 1429 1029 1467 993 1631 991 1654 1005 1675 1023 1686 1023 1716 1008 1806 1023 1888 1020 1961 985 2058 999 2128 985 2122 868 2063 850 2055 850 1999 868 1914 838 1906 838 1847 868 1783 844 1771 844 1724 879 1581 882 1534 865 1523 865 1523 868 1511 876 1479 853 1394 853 1344 888 1286 874 1119 894 1014 891 993 871 993 868 979 868 935 894 800 871 584 874 532 906 458 882 447 882 418 915 374 915 380 1040"/></Shape>
	    <String CONTENT="que la fortune oppoſe aux deſirs de"
                    HPOS="374"
                    VPOS="838"
                    WIDTH="1754"
                    HEIGHT="220"></String>
          </TextLine>
          <TextLine ID="tl_7"
                    TAGREFS="LT210"
                    BASELINE="387 1151 621 1150 869 1151 1014 1166 1369 1145 1727 1135 1951 1135 2123 1120" 
                    HPOS="382"
                    VPOS="1005"
                    WIDTH="1740"
                    HEIGHT="193">
            <Shape><Polygon POINTS="385 1148 385 1178 537 1178 608 1198 616 1198 663 1175 757 1175 815 1195 935 1169 993 1198 1005 1198 1026 1172 1067 1192 1075 1192 1175 1163 1335 1189 1356 1175 1385 1183 1397 1183 1432 1157 1490 1157 1517 1183 2119 1172 2122 1119 2113 1037 1984 1037 1873 1005 1862 1005 1862 1008 1824 1040 1824 1043 1745 1043 1657 1008 1651 1008 1572 1023 1458 1014 1391 1052 1213 1049 1166 1029 1157 1029 1113 1052 1084 1026 1069 1026 1014 1061 894 1043 824 1055 768 1029 637 1031 549 1067 540 1067 447 1040 438 1040 382 1064 385 1148"/></Shape>
	    <String CONTENT="mon Heros, toutes choſes aduan¬"
                    HPOS="382"
                    VPOS="1005"
                    WIDTH="1740"
                    HEIGHT="193"></String>
          </TextLine>
          <TextLine ID="tl_8"
                    TAGREFS="LT210"
                    BASELINE="390 1311 493 1311 673 1329 827 1308 995 1306 1357 1307 1815 1297 1927 1294 2133 1287" 
                    HPOS="385"
                    VPOS="1169"
                    WIDTH="1746"
                    HEIGHT="181">
            <Shape><Polygon POINTS="388 1309 388 1344 458 1333 608 1333 657 1350 1023 1333 1166 1344 1204 1330 1224 1344 1236 1344 1297 1330 1473 1341 1473 1338 1493 1324 1581 1338 1599 1338 1631 1318 1762 1315 1832 1335 1844 1335 1870 1312 1990 1312 2020 1333 2028 1335 2131 1335 2128 1186 2063 1169 2052 1169 2052 1172 2022 1198 1885 1172 1885 1175 1856 1201 1789 1186 1774 1186 1748 1201 1713 1175 1698 1175 1678 1192 1581 1175 1496 1207 1417 1186 1376 1181 1333 1210 1189 1210 1169 1195 1154 1195 1137 1210 1087 1186 1078 1186 999 1213 961 1183 871 1183 871 1186 839 1213 818 1198 809 1198 616 1219 596 1204 584 1204 552 1219 529 1192 517 1192 470 1210 385 1192 388 1309"/></Shape>
	    <String CONTENT="cent, ou du moins tachent d&#x27;ad¬"
                    HPOS="385"
                    VPOS="1169"
                    WIDTH="1746"
                    HEIGHT="181"></String>
          </TextLine>
          <TextLine ID="tl_9"
                    TAGREFS="LT210"
                    BASELINE="396 1473 944 1469 1383 1511 1484 1478 1718 1459 1887 1494 2130 1458" 
                    HPOS="394"
                    VPOS="1333"
                    WIDTH="1734"
                    HEIGHT="192">
            <Shape><Polygon POINTS="394 1470 397 1511 426 1487 467 1487 508 1514 523 1514 552 1493 570 1508 660 1496 689 1514 821 1517 955 1502 988 1520 1140 1520 1140 1517 1210 1499 1274 1523 1394 1523 1394 1520 1470 1496 1531 1525 1596 1525 1631 1499 1987 1520 2125 1499 2128 1455 2122 1359 2090 1341 1777 1338 1730 1371 1552 1356 1517 1385 1476 1385 1338 1344 1330 1344 1239 1379 1128 1350 1116 1350 1096 1368 1084 1373 1072 1368 1061 1356 874 1365 812 1333 803 1333 713 1373 394 1373 394 1470"/></Shape>
	    <String CONTENT="uancer ſon mariage, qui eſt la fin"
                    HPOS="394"
                    VPOS="1333"
                    WIDTH="1734"
                    HEIGHT="192"></String>
          </TextLine>
          <TextLine ID="tl_10"
                    TAGREFS="LT210"
                    BASELINE="391 1627 518 1629 796 1630 1286 1623 1548 1619 1742 1617 2128 1614" 
                    HPOS="385"
                    VPOS="1496"
                    WIDTH="1740"
                    HEIGHT="176">
            <Shape><Polygon POINTS="1382 1505 1359 1531 1297 1531 1274 1505 1257 1505 1186 1531 1163 1520 1157 1520 1046 1534 385 1520 388 1651 727 1648 777 1672 903 1672 903 1669 909 1669 935 1648 988 1648 1037 1669 1046 1669 1093 1648 1128 1666 1362 1660 1388 1642 1517 1663 1523 1663 1558 1642 1587 1663 1601 1663 1601 1660 1622 1642 1666 1642 1713 1663 1847 1660 1847 1657 1865 1642 1879 1657 1982 1660 2022 1639 2043 1657 2043 1660 2122 1657 2125 1613 2116 1496 2031 1499 1999 1525 1830 1508 1754 1525 1625 1511 1569 1528 1490 1502 1397 1502 1382 1505"/></Shape>
	    <String CONTENT="de mon trauail. Or ces grands"
                    HPOS="385"
                    VPOS="1496"
                    WIDTH="1740"
                    HEIGHT="176"></String>
          </TextLine>
          <TextLine ID="tl_11"
                    TAGREFS="LT210"
                    BASELINE="398 1791 765 1790 859 1784 963 1784 1605 1798 1865 1774 2135 1754" 
                    HPOS="394"
                    VPOS="1657"
                    WIDTH="1740"
                    HEIGHT="175">
            <Shape><Polygon POINTS="397 1789 397 1818 581 1832 777 1803 841 1832 850 1832 941 1803 999 1830 1008 1830 1067 1812 1145 1832 1157 1832 1192 1806 1265 1832 1362 1832 1482 1803 1508 1827 1508 1830 1517 1832 1675 1832 1710 1812 1754 1827 1765 1827 1786 1803 1847 1827 1859 1827 1891 1800 1891 1797 2131 1794 2134 1753 2131 1683 2063 1663 1917 1683 1906 1683 1847 1666 1835 1666 1809 1683 1754 1660 1511 1657 1467 1686 1201 1686 1099 1660 1020 1686 993 1663 993 1660 812 1660 780 1689 640 1689 613 1666 602 1666 558 1683 511 1660 429 1660 394 1680 397 1789"/></Shape>
	    <String CONTENT="Genies de l&#x27;Antiquité, dont i&#x27;em¬"
                    HPOS="394"
                    VPOS="1657"
                    WIDTH="1740"
                    HEIGHT="175"></String>
          </TextLine>
          <TextLine ID="tl_12"
                    TAGREFS="LT210"
                    BASELINE="378 2001 753 1947 917 1945 1939 1935 2135 1934" 
                    HPOS="371"
                    VPOS="1806"
                    WIDTH="1763"
                    HEIGHT="208">
            <Shape><Polygon POINTS="377 1999 377 2014 628 1979 730 1996 760 1976 950 1984 958 1970 999 1987 1008 1987 1061 1967 1169 1996 1230 1993 1315 1984 1347 1961 1376 1984 1449 1979 1511 1955 1581 1955 1625 1982 1730 1979 1765 1949 1903 1976 2134 1964 2128 1830 1768 1838 1733 1809 1733 1806 1721 1806 1604 1844 1502 1812 1493 1812 1382 1850 1318 1832 1309 1832 1268 1853 1239 1838 1227 1838 1210 1853 1075 1844 1034 1859 1002 1830 1002 1827 926 1827 859 1847 821 1830 812 1830 742 1853 689 1838 678 1838 657 1856 593 1835 584 1835 491 1862 418 1847 371 1859 377 1999"/></Shape>
	    <String CONTENT="prunte les lumieres; Scachant que"
                    HPOS="371"
                    VPOS="1806"
                    WIDTH="1763"
                    HEIGHT="208"></String>
          </TextLine>
          <TextLine ID="tl_13"
                    TAGREFS="LT210"
                    BASELINE="401 2115 1090 2105 1394 2106 1626 2098 1848 2096 2138 2070" 
                    HPOS="397"
                    VPOS="1967"
                    WIDTH="1739"
                    HEIGHT="193">
            <Shape><Polygon POINTS="400 2113 400 2134 456 2154 464 2154 508 2131 681 2131 777 2160 1002 2128 1107 2157 1283 2131 1315 2142 1324 2142 1391 2113 1581 2136 1607 2110 1698 2125 1783 2107 1821 2139 1830 2142 1958 2142 1958 2139 2063 2136 2136 2096 2136 2069 2128 1993 1894 1996 1797 1967 1689 1967 1639 2005 1400 2005 1368 1987 1356 1987 1289 2008 1254 1976 1245 1976 1178 1979 1128 2011 996 2005 976 1982 964 1982 897 2014 803 2017 701 1987 602 1990 578 2017 523 2022 467 1993 458 1993 397 2008 400 2113"/></Shape>
	    <String CONTENT="l&#x27;ordonnance eſtoit vne des prin¬"
                    HPOS="397"
                    VPOS="1967"
                    WIDTH="1739"
                    HEIGHT="193"></String>
          </TextLine>
          <TextLine ID="tl_14"
                    TAGREFS="LT210"
                    BASELINE="399 2273 774 2266 1168 2267 1264 2266 1317 2246 1454 2264 1756 2261 2004 2275 2142 2254" 
                    HPOS="394"
                    VPOS="2139"
                    WIDTH="1745"
                    HEIGHT="176">
            <Shape><Polygon POINTS="397 2271 397 2303 675 2312 684 2312 707 2294 827 2315 865 2283 897 2283 929 2306 929 2309 941 2309 985 2294 1029 2312 1195 2283 1271 2309 1300 2315 1335 2297 1432 2303 1432 2300 1452 2283 1604 2306 1663 2283 1797 2283 1835 2300 1844 2300 1897 2280 2072 2280 2128 2312 2139 2253 2134 2163 2096 2148 1944 2172 1888 2151 1879 2151 1838 2169 1759 2139 1482 2139 1426 2174 1350 2174 1315 2145 1224 2139 1224 2142 1189 2174 1087 2160 1034 2174 1011 2154 1011 2151 996 2151 973 2172 906 2157 765 2174 719 2139 622 2139 575 2174 505 2160 394 2177 397 2271"/></Shape>
	    <String CONTENT="cipales parties d&#x27;vn Tableau, en"
                    HPOS="394"
                    VPOS="2139"
                    WIDTH="1745"
                    HEIGHT="176"></String>
          </TextLine>
          <TextLine ID="tl_15"
                    TAGREFS="LT210"
                    BASELINE="401 2435 581 2434 1087 2425 1206 2429 1451 2424 1555 2419 1845 2416 2141 2388" 
                    HPOS="394"
                    VPOS="2286"
                    WIDTH="1745"
                    HEIGHT="192">
            <Shape><Polygon POINTS="400 2432 400 2464 1131 2478 1166 2443 1283 2443 1353 2473 1359 2473 1420 2470 1420 2467 1444 2446 1467 2467 1479 2467 1523 2449 1546 2467 1558 2467 1604 2452 1669 2464 1789 2429 1830 2458 2005 2455 2139 2417 2139 2385 2131 2315 1689 2324 1634 2286 1569 2286 1520 2288 1520 2291 1479 2329 1362 2291 1350 2291 1309 2324 1254 2294 1248 2294 1140 2297 1058 2332 912 2321 812 2350 751 2309 394 2347 400 2432"/></Shape>
	    <String CONTENT="ont dõné vne ſi belle à leurs pein¬"
                    HPOS="394"
                    VPOS="2286"
                    WIDTH="1745"
                    HEIGHT="192"></String>
          </TextLine>
          <TextLine ID="tl_16"
                    TAGREFS="LT210"
                    BASELINE="406 2597 683 2591 1191 2584 1327 2607 1661 2584 1789 2596 2145 2571" 
                    HPOS="397"
                    VPOS="2452"
                    WIDTH="1745"
                    HEIGHT="199">
            <Shape><Polygon POINTS="403 2595 403 2625 593 2625 686 2651 695 2651 806 2616 871 2636 882 2636 917 2613 938 2628 953 2628 953 2625 967 2613 1023 2625 1131 2607 1172 2636 1181 2636 1306 2616 1321 2628 1321 2631 1479 2628 1508 2607 1534 2625 1663 2622 1698 2595 1727 2619 1964 2613 2005 2587 2142 2587 2142 2569 2128 2452 2104 2476 1879 2476 1847 2461 1838 2461 1756 2487 1707 2487 1672 2455 1672 2452 1660 2452 1593 2487 1482 2478 1461 2496 1274 2499 1122 2476 1107 2478 1075 2493 996 2476 792 2478 765 2499 686 2484 640 2508 587 2487 397 2496 403 2595"/></Shape>
	    <String CONTENT="tures parlantes, qu&#x27;il y auroit"
                    HPOS="397"
                    VPOS="2452"
                    WIDTH="1745"
                    HEIGHT="199"></String>
          </TextLine>
          <TextLine ID="tl_17"
                    TAGREFS="LT210"
                    BASELINE="402 2753 776 2748 1614 2743 2052 2732 2146 2749" 
                    HPOS="397"
                    VPOS="2616"
                    WIDTH="1748"
                    HEIGHT="187">
            <Shape><Polygon POINTS="400 2780 590 2797 786 2783 839 2800 841 2803 1020 2803 1020 2800 1026 2800 1055 2777 1166 2794 1175 2794 1201 2777 1277 2777 1306 2797 1505 2794 1543 2774 1561 2788 1748 2774 1768 2791 1777 2794 1955 2794 1955 2791 2028 2768 2142 2783 2145 2747 2142 2616 2028 2616 1952 2648 1903 2628 1835 2633 1770 2618 1502 2645 1401 2638 1295 2625 1216 2625 1216 2628 1181 2657 1078 2631 806 2628 783 2648 762 2639 754 2639 666 2663 637 2645 622 2645 599 2666 558 2639 549 2639 397 2666 400 2750"/></Shape>
	    <String CONTENT="autant de ſtupidité que d’orgueil,"
                    HPOS="397"
                    VPOS="2616"
                    WIDTH="1748"
                    HEIGHT="187"></String>
          </TextLine>
          <TextLine ID="tl_18"
                    TAGREFS="LT210"
                    BASELINE="409 2915 478 2915 622 2912 1254 2912 1474 2906 1942 2895 2144 2890" 
                    HPOS="403"
                    VPOS="2780"
                    WIDTH="1739"
                    HEIGHT="178">
            <Shape><Polygon POINTS="406 2946 581 2935 625 2958 777 2932 938 2946 988 2929 1014 2952 1014 2955 1026 2955 1067 2937 1105 2955 1359 2952 1493 2923 1657 2949 1768 2946 1824 2920 1941 2940 1941 2937 1964 2917 2043 2935 2081 2940 2142 2932 2142 2888 2136 2780 2025 2780 2025 2783 1990 2818 1935 2818 1803 2783 1777 2788 1707 2818 1651 2806 1490 2821 1444 2797 1435 2797 1359 2823 1315 2797 1300 2797 1292 2806 1262 2823 1157 2809 1113 2806 1082 2782 947 2818 657 2794 403 2832 406 2914"/></Shape>
	    <String CONTENT="à ne les vouloir pas imiter. Ils"
                    HPOS="403"
                    VPOS="2780"
                    WIDTH="1739"
                    HEIGHT="178"></String>
          </TextLine>
          <TextLine ID="tl_19"
                    TAGREFS="LT210"
                    BASELINE="409 3077 479 3077 691 3069 784 3072 885 3069 1105 3069 1497 3068 1621 3064 1671 3064 2033 3053 2151 3073" 
                    HPOS="403"
                    VPOS="2943"
                    WIDTH="1745"
                    HEIGHT="173">
            <Shape><Polygon POINTS="406 3075 406 3110 643 3092 695 3116 704 3116 777 3095 815 3116 1020 3116 1020 3113 1026 3113 1026 3110 1052 3087 1096 3110 1105 3110 1169 3089 1227 3110 1400 3107 1432 3084 1490 3084 1531 3107 1540 3107 1663 3081 1765 3081 1797 3104 1806 3107 1914 3107 1914 3104 1982 3078 2145 3092 2148 3072 2145 2967 2093 2943 2084 2943 2025 2961 1870 2952 1853 2967 1675 2946 1675 2949 1648 2973 1613 2955 1523 2973 1479 2952 1414 2964 1344 2949 1277 2973 1259 2955 1245 2955 1245 2958 1221 2975 1221 2978 1040 2978 1008 2955 920 2955 920 2958 897 2978 730 2958 695 2978 672 2958 660 2958 602 2984 403 2984 406 3075"/></Shape>
	    <String CONTENT="n&#x27;ont pas fait comme ces Peintres,"
                    HPOS="403"
                    VPOS="2943"
                    WIDTH="1745"
                    HEIGHT="173"></String>
          </TextLine>
          <TextLine ID="tl_20"
                    TAGREFS="LT210"
                    BASELINE="408 3287 597 3234 1127 3235 1265 3234 1525 3223 1859 3220 2153 3231" 
                    HPOS="403"
                    VPOS="3098"
                    WIDTH="1748"
                    HEIGHT="196">
            <Shape><Polygon POINTS="2131 3130 1911 3107 1906 3107 1862 3130 1824 3104 1678 3098 1669 3098 1622 3133 1552 3139 1423 3125 1186 3145 1034 3110 1029 3110 973 3139 932 3122 780 3130 716 3116 596 3142 552 3122 543 3122 464 3145 441 3130 426 3130 403 3145 406 3294 640 3288 727 3262 827 3285 856 3285 1049 3256 1297 3256 1347 3277 1432 3262 1458 3274 1470 3274 1485 3259 1499 3271 1499 3274 1508 3274 1607 3256 1675 3271 1853 3241 1944 3262 2014 3239 2052 3259 2063 3259 2081 3244 2104 3262 2116 3262 2151 3250 2151 3230 2148 3227 2131 3130"/></Shape>
	    <String CONTENT="qui font voir en vne méme toile,"
                    HPOS="403"
                    VPOS="3098"
                    WIDTH="1748"
                    HEIGHT="196"></String>
          </TextLine>
          <TextLine ID="tl_21"
                    TAGREFS="LT210"
                    BASELINE="420 3369 458 3369 1236 3392 1348 3393 1812 3401 2042 3381 2148 3374" 
                    HPOS="415"
                    VPOS="3256"
                    WIDTH="1730"
                    HEIGHT="228">
            <Shape><Polygon POINTS="418 3282 415 3411 511 3431 543 3461 748 3469 841 3469 912 3431 1064 3440 1148 3414 1195 3449 1295 3431 1368 3464 1376 3464 1493 3420 1537 3443 1549 3443 1575 3420 1672 3420 1780 3484 1789 3484 1888 3472 1967 3426 2139 3426 2145 3373 2142 3271 1888 3268 1888 3271 1847 3306 1710 3274 1701 3274 1660 3300 1610 3285 1537 3300 1447 3259 1353 3277 1327 3256 1259 3256 1198 3294 1087 3294 1037 3256 1023 3256 976 3288 923 3265 915 3265 874 3288 754 3288 686 3265 596 3282 564 3268 444 3277 418 3282"/></Shape>
	    <String CONTENT="vn Prince dans le berceau, ſur le"
                    HPOS="415"
                    VPOS="3256"
                    WIDTH="1730"
                    HEIGHT="228"></String>
          </TextLine>
        </TextBlock>
        <TextBlock HPOS="773.0"
                   VPOS="70.0"
                   WIDTH="975.0"
                   HEIGHT="174.0"
                   ID="eSc_textblock_17eb904a"
                   TAGREFS="BT340">
          <Shape><Polygon POINTS="773 70 773 244 1748 244 1748 70"/></Shape>
          <TextLine ID="tl_1"
                    TAGREFS="LT210"
                    BASELINE="834 195 1420 187 1735 185" 
                    HPOS="830"
                    VPOS="70"
                    WIDTH="903"
                    HEIGHT="152">
            <Shape><Polygon POINTS="1648 70 1487 70 1458 73 1441 70 1353 70 1324 84 1280 70 1093 70 1069 87 830 70 836 222 879 204 1078 222 1169 219 1183 201 1221 216 1233 216 1257 201 1277 216 1289 216 1356 198 1438 216 1485 201 1517 216 1528 216 1549 195 1622 195 1637 201 1651 213 1733 198 1730 81 1669 70 1648 70"/></Shape>
	    <String CONTENT="PREFACE."
                    HPOS="830"
                    VPOS="70"
                    WIDTH="903"
                    HEIGHT="152"></String>
          </TextLine>
        </TextBlock>
      </PrintSpace>
    </Page>
  </Layout>
</alto>
