2479 3508
350 353 1561 170 loit le cheual du corps, ou le che¬

350 491 1558 178 ual de bataille, auoit le mords

356 654 1555 152 de bride & les eſtrieux d’or maſ¬

350 800 1558 158 ſif, tous couuerts de pierreries, la

350 923 1556 199 ſelle toute blanche de perles, &

350 1084 1556 178 toute brillante de diamants; la

350 1227 1558 176 Rondache du Sultan penduë à

344 1371 1556 187 larçon, auec des cordons d’or,

339 1520 1572 181 au bout deſquels traiſnoient à

342 1675 1569 181 terre, de groſſes houpes de perles

347 1821 1564 161 Orientales. En ſuite de ces ches¬

339 1973 1572 172 uaux marchoient en vn rang, le

336 2093 1575 187 Tubenter Aga, & le Chiodar

339 2253 1572 173 Aga, qui portoient le Turban

347 2394 1564 178 & le Manteau Imperial. Derriere

347 2537 1564 210 eux Ibrahim Balſſa grand Viſir,

342 2704 1569 157 marchoit ſeul monté ſur vn Bar¬

344 2838 1567 181 be noir, dont le harnois eſtoit

347 2964 1559 242 de velours de meſme couleur,

625 195 918 173 Liure premier.

1780 236 146 132 11
