2479 3508
578 344 1459 161 apres ceux-cy, à la teſte de ſix

578 473 1462 161 mille de ſes compagnons; cou¬

578 608 1459 163 ver d’vne robbe de drap d’or

578 736 1462 187 frizé, vne enſeigne de pierreries,

584 882 1456 147 & vne maſſe d’Heron à ſon Tur¬

581 1005 1462 167 ban, auec vn baſton de la Chine

578 1145 1465 173 à la main, qui eſt la marque de

575 1292 1465 160 ſa charge: toute cette trouppe

578 1420 1462 152 eſtoit habillée de cette eſpece de

570 1546 1470 190 robe, qu’ils appellent Doliman,

572 1701 1462 146 auec le Cimeterre au coſté & le

572 1830 1465 160 mouſquet ſur l’eſpaule. Elle fut

567 1955 1473 184 ſuiuie de cinquante Tambours,

572 2104 1462 167 & de cinquante Fiffres, habillés

570 2239 1467 172 de juppes courtes, de taffetas

572 2385 1468 140 blanc en broderie de fleurs natu¬

572 2525 1468 155 relles rehauſſées d’or: apres ceux-

572 2666 1465 143 cy, cent Eſclaues noirs auec des

575 2806 1468 190 coliers d’argent & des carquans

584 187 97 134 6

950 175 844 169 L'Illustre Baſſa
