<?xml version="1.0" encoding="UTF-8"?>
<alto xmlns:xsi="http://www.w3.org/2001/XMLSchema-instance"
      xmlns="http://www.loc.gov/standards/alto/ns-v4#"
      xsi:schemaLocation="http://www.loc.gov/standards/alto/ns-v4# http://www.loc.gov/standards/alto/v4/alto-4-2.xsd">
  <Description>
    <MeasurementUnit>pixel</MeasurementUnit>
    <sourceImageInformation>
      <fileName>Scudery1641_Ibrahim_cb31341849n_corrected_0041.png</fileName>
    </sourceImageInformation>
  </Description>
  <Tags>
    <OtherTag ID="BT7" LABEL="CustomZone" DESCRIPTION="block type CustomZone"/><OtherTag ID="BT8" LABEL="DamageZone" DESCRIPTION="block type DamageZone"/><OtherTag ID="BT9" LABEL="DigitizationArtefactZone" DESCRIPTION="block type DigitizationArtefactZone"/><OtherTag ID="BT10" LABEL="DropCapitalZone" DESCRIPTION="block type DropCapitalZone"/><OtherTag ID="BT11" LABEL="GraphicZone" DESCRIPTION="block type GraphicZone"/><OtherTag ID="BT12" LABEL="MainZone" DESCRIPTION="block type MainZone"/><OtherTag ID="BT13" LABEL="MarginTextZone" DESCRIPTION="block type MarginTextZone"/><OtherTag ID="BT14" LABEL="MusicZone" DESCRIPTION="block type MusicZone"/><OtherTag ID="BT15" LABEL="NumberingZone" DESCRIPTION="block type NumberingZone"/><OtherTag ID="BT17" LABEL="QuireMarksZone" DESCRIPTION="block type QuireMarksZone"/><OtherTag ID="BT18" LABEL="RunningTitleZone" DESCRIPTION="block type RunningTitleZone"/><OtherTag ID="BT19" LABEL="SealZone" DESCRIPTION="block type SealZone"/><OtherTag ID="BT20" LABEL="StampZone" DESCRIPTION="block type StampZone"/><OtherTag ID="BT21" LABEL="TableZone" DESCRIPTION="block type TableZone"/><OtherTag ID="BT22" LABEL="TitlePageZone" DESCRIPTION="block type TitlePageZone"/><OtherTag ID="BT332" LABEL="Title" DESCRIPTION="block type Title"/><OtherTag ID="BT333" LABEL="Damage" DESCRIPTION="block type Damage"/><OtherTag ID="BT334" LABEL="Decoration" DESCRIPTION="block type Decoration"/><OtherTag ID="BT335" LABEL="Margin" DESCRIPTION="block type Margin"/><OtherTag ID="BT336" LABEL="Stamp" DESCRIPTION="block type Stamp"/><OtherTag ID="BT337" LABEL="DropCapital" DESCRIPTION="block type DropCapital"/><OtherTag ID="BT338" LABEL="Main" DESCRIPTION="block type Main"/><OtherTag ID="BT339" LABEL="Signatures" DESCRIPTION="block type Signatures"/><OtherTag ID="BT340" LABEL="RunningTitle" DESCRIPTION="block type RunningTitle"/><OtherTag ID="BT341" LABEL="Numbering" DESCRIPTION="block type Numbering"/>
    <OtherTag ID="LT7" LABEL="CustomLine" DESCRIPTION="line type CustomLine"/><OtherTag ID="LT8" LABEL="DefaultLine" DESCRIPTION="line type DefaultLine"/><OtherTag ID="LT9" LABEL="DropCapitalLine" DESCRIPTION="line type DropCapitalLine"/><OtherTag ID="LT10" LABEL="HeadingLine" DESCRIPTION="line type HeadingLine"/><OtherTag ID="LT11" LABEL="InterlinearLine" DESCRIPTION="line type InterlinearLine"/><OtherTag ID="LT12" LABEL="MusicLine" DESCRIPTION="line type MusicLine"/><OtherTag ID="LT210" LABEL="Default" DESCRIPTION="line type Default"/><OtherTag ID="LT211" LABEL="Rubric" DESCRIPTION="line type Rubric"/>
  </Tags>
  <Layout>
    <Page WIDTH="2479"
          HEIGHT="3508"
          PHYSICAL_IMG_NR="27"
          ID="eSc_dummypage_">
      <PrintSpace HPOS="0"
                  VPOS="0"
                  WIDTH="2479"
                  HEIGHT="3508">
        <TextBlock HPOS="244.0"
                   VPOS="258.0"
                   WIDTH="1866.0"
                   HEIGHT="3238.0"
                   ID="eSc_textblock_825198c6"
                   TAGREFS="BT335">
          <Shape><Polygon POINTS="279 258 244 3496 2110 3482 2110 258"/></Shape>
          <TextLine ID="tl_2"
                    TAGREFS="LT210"
                    BASELINE="322 381 680 376 1120 371 1444 376 2076 388" 
                    HPOS="318"
                    VPOS="260"
                    WIDTH="1757"
                    HEIGHT="160">
            <Shape><Polygon POINTS="1879 260 1873 260 1847 280 1765 260 1754 260 1754 263 1745 268 1736 280 1613 280 1572 260 1563 260 1523 280 1344 280 1321 260 1292 260 1224 271 1207 260 1181 260 1131 277 1105 260 1011 260 996 271 979 260 780 260 762 277 546 277 350 260 321 260 321 380 318 397 496 397 523 412 532 412 622 394 678 418 882 418 882 415 938 388 1189 388 1227 409 1362 391 1414 412 1426 412 1426 409 1447 391 1517 391 1678 420 1748 394 1800 418 1818 420 1844 394 1926 394 2069 420 2075 385 2072 274 1879 260"/></Shape>
	    <String CONTENT="hauette pigliato tante coyonerie?"
                    HPOS="318"
                    VPOS="260"
                    WIDTH="1757"
                    HEIGHT="160"></String>
          </TextLine>
          <TextLine ID="tl_3"
                    TAGREFS="LT210"
                    BASELINE="333 536 600 532 790 534 913 553 1050 529 1360 530 1614 533 1884 539 2074 544" 
                    HPOS="330.0"
                    VPOS="415.0"
                    WIDTH="1742.0"
                    HEIGHT="157.0">
            <Shape><Polygon POINTS="330 534 330 415 415 415 485 447 520 447 561 418 599 438 643 429 654 441 695 432 724 441 751 418 783 418 871 447 944 426 970 450 1026 432 1061 450 1189 447 1213 426 1318 450 1350 450 1388 426 1420 447 1449 447 1490 420 1520 420 1607 453 1683 450 1716 423 1768 423 1803 453 1900 453 1944 423 1973 423 2002 450 2069 453 2072 543 2043 564 1982 546 1938 555 1847 543 1803 558 1759 543 1727 564 1707 555 1689 572 1628 572 1572 543 1502 543 1470 570 1406 570 1353 540 1213 540 1195 555 1163 543 1137 555 1125 543 1005 540 970 570 950 555 885 567 853 543 821 567 736 567 654 543 610 567 529 567 505 546 441 567 330 549"/></Shape>
	    <String CONTENT="Pour moy, ie tiens que plus les"
                    HPOS="330.0"
                    VPOS="415.0"
                    WIDTH="1742.0"
                    HEIGHT="157.0"></String>
          </TextLine>
          <TextLine ID="tl_4"
                    TAGREFS="LT210"
                    BASELINE="323 697 869 694 1143 693 1607 697 1801 719 2073 706" 
                    HPOS="318"
                    VPOS="567"
                    WIDTH="1754"
                    HEIGHT="169">
            <Shape><Polygon POINTS="321 695 318 719 461 736 546 716 581 733 593 733 619 713 704 727 783 719 812 719 844 736 1064 713 1213 713 1254 730 1262 730 1318 713 1365 736 1604 713 1686 713 1707 719 1745 736 1751 736 2069 719 2072 704 2066 599 2002 599 1958 567 1946 567 1865 596 1476 567 1467 567 1467 570 1452 581 1403 570 1251 596 1207 567 1195 567 1151 587 1125 567 1113 567 1049 596 1002 567 926 567 920 567 862 596 798 570 713 587 534 567 494 596 426 572 321 596 321 695"/></Shape>
	    <String CONTENT="auantures ſont naturelles, plus"
                    HPOS="318"
                    VPOS="567"
                    WIDTH="1754"
                    HEIGHT="169"></String>
          </TextLine>
          <TextLine ID="tl_5"
                    TAGREFS="LT210"
                    BASELINE="316 859 525 860 991 859 1147 853 1831 863 1903 863 2071 898" 
                    HPOS="315"
                    VPOS="710"
                    WIDTH="1754"
                    HEIGHT="205">
            <Shape><Polygon POINTS="315 856 318 885 344 865 456 891 622 876 669 891 681 891 681 888 692 879 710 891 917 888 941 874 961 897 976 897 976 894 999 876 1145 903 1373 879 1400 903 1400 906 1409 909 1482 909 1482 906 1487 906 1517 882 1879 882 1941 915 1955 915 2017 897 2060 915 2069 897 2069 754 2028 733 2017 733 1979 760 1967 765 1906 762 1876 736 1862 736 1827 765 1756 765 1716 730 1599 727 1561 757 1517 724 1438 724 1406 760 1341 760 1330 751 1274 722 1178 722 1157 736 1137 722 1137 719 786 748 648 742 619 716 605 716 605 719 575 745 494 745 444 710 432 710 315 739 315 856"/></Shape>
	    <String CONTENT="elles donnent de ſatisfaction: &amp;"
                    HPOS="315"
                    VPOS="710"
                    WIDTH="1754"
                    HEIGHT="205"></String>
          </TextLine>
          <TextLine ID="tl_6"
                    TAGREFS="LT210"
                    BASELINE="316 1019 394 1021 682 1024 1246 1020 1440 1022 1800 1025 1848 1045 2074 1026" 
                    HPOS="312"
                    VPOS="888"
                    WIDTH="1760"
                    HEIGHT="164">
            <Shape><Polygon POINTS="315 1017 315 1052 1946 1052 1946 1049 2069 1031 2072 1023 2063 915 1841 917 1830 912 1803 888 1639 888 1411 920 1382 894 1382 891 1303 906 1292 906 1236 891 1227 891 1151 926 1040 926 1014 903 882 894 874 894 824 923 765 909 675 926 616 906 605 906 575 923 523 912 447 926 397 900 312 897 315 1017"/></Shape>
	    <String CONTENT="le cours ordinaire du Soleil, me"
                    HPOS="312"
                    VPOS="888"
                    WIDTH="1760"
                    HEIGHT="164"></String>
          </TextLine>
          <TextLine ID="tl_7"
                    TAGREFS="LT210"
                    BASELINE="287 1233 870 1184 1346 1182 1616 1201 1884 1189 2074 1190" 
                    HPOS="280"
                    VPOS="1037"
                    WIDTH="1792"
                    HEIGHT="220">
            <Shape><Polygon POINTS="286 1230 286 1242 444 1248 572 1221 663 1257 675 1257 675 1254 713 1216 1169 1216 1198 1198 1265 1213 1274 1213 1289 1201 1309 1216 1309 1219 1321 1219 1371 1198 1423 1219 1435 1221 1447 1221 1467 1204 1523 1216 1563 1221 2072 1201 2072 1189 2063 1064 1938 1046 1938 1049 1917 1069 1698 1064 1678 1081 1438 1084 1312 1037 1303 1037 1236 1069 1198 1064 1090 1096 947 1049 935 1049 935 1052 906 1081 885 1069 874 1069 850 1090 762 1058 754 1058 643 1090 613 1064 324 1072 280 1107 286 1230"/></Shape>
	    <String CONTENT="ſemble plus merueilleux, que les"
                    HPOS="280"
                    VPOS="1037"
                    WIDTH="1792"
                    HEIGHT="220"></String>
          </TextLine>
          <TextLine ID="tl_8"
                    TAGREFS="LT210"
                    BASELINE="311 1343 723 1350 775 1350 1211 1347 1311 1350 1417 1346 1837 1351 2067 1354" 
                    HPOS="306"
                    VPOS="1219"
                    WIDTH="1760"
                    HEIGHT="181">
            <Shape><Polygon POINTS="426 1221 318 1227 309 1230 309 1341 306 1391 365 1391 365 1388 371 1388 406 1365 581 1391 783 1368 812 1391 812 1394 821 1397 982 1397 982 1394 988 1394 988 1391 1017 1368 1110 1382 1137 1382 1183 1368 1242 1391 1447 1371 1479 1376 1555 1400 1604 1400 1604 1397 1610 1397 1645 1371 1751 1391 1800 1373 2063 1373 2066 1353 2060 1248 2022 1254 1987 1227 1911 1227 1870 1257 1648 1257 1566 1224 1391 1251 1344 1251 1318 1227 1318 1224 1227 1224 1207 1239 1189 1248 1081 1242 1058 1221 1046 1221 950 1248 514 1242 494 1230 464 1219 426 1221"/></Shape>
	    <String CONTENT="eſtranges &amp; funestes rayons des"
                    HPOS="306"
                    VPOS="1219"
                    WIDTH="1760"
                    HEIGHT="181"></String>
          </TextLine>
          <TextLine ID="tl_9"
                    TAGREFS="LT210"
                    BASELINE="313 1511 825 1516 1181 1559 1405 1512 1697 1513 1879 1515 2049 1516" 
                    HPOS="312"
                    VPOS="1373"
                    WIDTH="1734"
                    HEIGHT="199">
            <Shape><Polygon POINTS="312 1508 312 1540 380 1523 429 1546 537 1523 625 1546 692 1531 739 1549 751 1549 751 1546 771 1528 815 1549 871 1537 935 1555 947 1555 964 1537 1040 1558 1236 1561 1330 1540 1371 1534 1590 1534 1698 1566 1707 1566 1783 1540 1844 1572 1888 1572 1888 1569 1894 1569 1894 1566 1920 1543 2043 1543 2046 1514 2046 1420 2005 1397 1663 1420 1639 1406 1561 1411 1534 1391 1435 1394 1403 1414 1362 1391 1227 1409 1189 1385 1107 1385 1081 1406 1058 1388 1058 1385 955 1382 947 1382 912 1411 423 1406 388 1373 380 1373 312 1382 312 1508"/></Shape>
	    <String CONTENT="Comettes. C&#x27;eſt par cette raiſon"
                    HPOS="312"
                    VPOS="1373"
                    WIDTH="1734"
                    HEIGHT="199"></String>
          </TextLine>
          <TextLine ID="tl_10"
                    TAGREFS="LT210"
                    BASELINE="306 1669 572 1678 802 1672 900 1673 1162 1721 1462 1674 1794 1679 2086 1678" 
                    HPOS="301"
                    VPOS="1549"
                    WIDTH="1783"
                    HEIGHT="172">
            <Shape><Polygon POINTS="304 1666 301 1689 368 1710 552 1698 578 1718 587 1721 716 1721 716 1718 722 1718 754 1698 762 1689 780 1704 947 1689 1157 1721 1368 1698 1423 1713 1432 1713 1505 1692 1575 1710 1596 1710 1675 1692 2028 1695 2075 1715 2084 1677 2081 1581 1882 1581 1879 1575 1850 1552 1736 1552 1704 1578 1549 1563 1479 1578 1414 1552 1403 1552 1371 1581 1300 1581 1289 1566 1274 1555 1274 1552 988 1575 923 1549 915 1549 841 1575 783 1549 771 1549 742 1566 643 1555 643 1558 622 1578 575 1578 543 1549 532 1549 476 1566 304 1552 304 1666"/></Shape>
	    <String CONTENT="encor que ie n&#x27;ay point causé tant"
                    HPOS="301"
                    VPOS="1549"
                    WIDTH="1783"
                    HEIGHT="172"></String>
          </TextLine>
          <TextLine ID="tl_11"
                    TAGREFS="LT210"
                    BASELINE="302 1833 414 1831 1004 1835 1134 1857 1572 1840 1676 1839 1798 1845 1958 1845 2070 1842" 
                    HPOS="298"
                    VPOS="1710"
                    WIDTH="1771"
                    HEIGHT="178">
            <Shape><Polygon POINTS="301 1832 301 1853 555 1853 637 1888 730 1888 730 1885 798 1859 865 1888 944 1888 944 1885 950 1885 993 1853 1107 1882 1423 1850 1493 1879 1505 1879 1531 1859 1625 1859 1666 1879 1835 1859 1920 1873 1952 1859 2002 1879 2014 1879 2037 1862 2060 1879 2069 1841 2060 1742 1780 1745 1683 1710 1601 1710 1561 1742 1534 1727 1452 1742 1368 1713 1356 1713 1300 1748 1227 1733 1219 1733 1169 1748 953 1745 912 1724 900 1724 897 1730 879 1742 865 1730 853 1730 830 1739 806 1718 806 1715 686 1715 666 1733 602 1721 555 1751 482 1721 464 1724 423 1742 391 1715 298 1721 301 1832"/></Shape>
	    <String CONTENT="de nauffrages, comme il y en a"
                    HPOS="298"
                    VPOS="1710"
                    WIDTH="1771"
                    HEIGHT="178"></String>
          </TextLine>
          <TextLine ID="tl_12"
                    TAGREFS="LT210"
                    BASELINE="297 1993 545 1998 1045 2003 1486 2002 1886 2003 2043 2004" 
                    HPOS="292"
                    VPOS="1876"
                    WIDTH="1748"
                    HEIGHT="173">
            <Shape><Polygon POINTS="295 1990 292 2017 385 2011 426 2037 438 2037 520 2011 546 2034 546 2037 640 2040 722 2017 771 2043 865 2043 865 2040 871 2040 871 2037 894 2017 1072 2014 1137 2043 1145 2043 1189 2022 1423 2040 1455 2020 1543 2034 1552 2034 1552 2031 1566 2020 1678 2040 1862 2020 1894 2040 1906 2040 1938 2025 1958 2043 1958 2046 1967 2049 2037 2049 2040 2002 2037 1906 1973 1908 1952 1891 1952 1888 1941 1888 1897 1911 1765 1911 1563 1882 1555 1882 1517 1908 1248 1908 1204 1885 1195 1885 1151 1906 1011 1891 979 1894 935 1903 830 1879 762 1879 751 1894 739 1903 643 1888 467 1900 412 1876 406 1876 295 1888 295 1990"/></Shape>
	    <String CONTENT="dans quelques anciens Romans:"
                    HPOS="292"
                    VPOS="1876"
                    WIDTH="1748"
                    HEIGHT="173"></String>
          </TextLine>
          <TextLine ID="tl_13"
                    TAGREFS="LT210"
                    BASELINE="301 2191 431 2193 1527 2166 1617 2187 1769 2165 2067 2144" 
                    HPOS="295"
                    VPOS="2022"
                    WIDTH="1771"
                    HEIGHT="208">
            <Shape><Polygon POINTS="298 2207 476 2207 505 2227 602 2230 643 2198 719 2198 900 2221 996 2186 1113 2186 1143 2212 1151 2215 1195 2215 1195 2212 1201 2212 1239 2183 1315 2180 1379 2198 1391 2198 1406 2180 1467 2192 1511 2174 1590 2201 1742 2180 1783 2195 1859 2180 1999 2189 2066 2169 2066 2142 2058 2049 1894 2052 1885 2049 1847 2022 1835 2022 1762 2055 1678 2028 1669 2028 1610 2060 1537 2060 1508 2043 1496 2043 1420 2063 1221 2031 1221 2034 1183 2069 1096 2055 1087 2055 1046 2069 970 2040 888 2040 850 2069 774 2046 707 2046 698 2058 689 2063 675 2058 669 2052 654 2052 605 2087 572 2063 295 2060 298 2207"/></Shape>
	    <String CONTENT="&amp; à parler ſerieuſement, du Bar¬"
                    HPOS="295"
                    VPOS="2022"
                    WIDTH="1771"
                    HEIGHT="208"></String>
          </TextLine>
          <TextLine ID="tl_14"
                    TAGREFS="LT210"
                    BASELINE="298 2319 449 2321 909 2325 1143 2321 1283 2326 1455 2334 1715 2329 1909 2331 2058 2348" 
                    HPOS="292"
                    VPOS="2198"
                    WIDTH="1763"
                    HEIGHT="172">
            <Shape><Polygon POINTS="295 2318 292 2347 374 2338 534 2356 613 2332 634 2350 634 2353 646 2353 689 2332 836 2359 859 2359 891 2344 970 2356 970 2353 988 2338 1201 2338 1379 2364 1403 2364 1444 2341 1563 2362 1754 2344 1859 2367 1955 2347 2046 2370 2055 2347 2055 2239 1990 2221 1906 2236 1800 2210 1698 2210 1675 2230 1555 2210 1525 2236 1295 2236 1254 2204 1096 2204 1055 2230 1011 2201 955 2201 923 2227 672 2221 651 2201 651 2198 640 2198 561 2218 517 2207 295 2221 295 2318"/></Shape>
	    <String CONTENT="tas pourroit dire de ces Autheurs,"
                    HPOS="292"
                    VPOS="2198"
                    WIDTH="1763"
                    HEIGHT="172"></String>
          </TextLine>
          <TextLine ID="tl_15"
                    TAGREFS="LT210"
                    BASELINE="898 2479 1088 2477 1226 2479 1438 2482 1544 2480 1950 2495" 
                    HPOS="894"
                    VPOS="2344"
                    WIDTH="1055"
                    HEIGHT="184">
            <Shape><Polygon POINTS="897 2478 894 2496 1031 2496 1102 2514 1233 2493 1338 2519 1347 2519 1400 2496 1429 2516 1514 2502 1525 2508 1543 2525 1552 2528 1645 2528 1645 2525 1651 2525 1672 2508 1716 2528 1727 2528 1727 2525 1751 2505 1944 2514 1949 2493 1949 2400 1882 2400 1824 2362 1812 2362 1748 2397 1689 2397 1578 2394 1496 2356 1426 2367 1338 2353 1309 2379 1216 2382 1160 2347 1020 2367 964 2344 955 2344 917 2362 897 2353 897 2478"/></Shape>
	    <String CONTENT="Eux de qui la parole,"
                    HPOS="894"
                    VPOS="2344"
                    WIDTH="1055"
                    HEIGHT="184"></String>
          </TextLine>
          <TextLine ID="tl_16"
                    TAGREFS="LT210"
                    BASELINE="436 2623 682 2622 822 2626 1280 2628 1594 2630 1832 2631 2062 2602" 
                    HPOS="432"
                    VPOS="2496"
                    WIDTH="1628"
                    HEIGHT="173">
            <Shape><Polygon POINTS="435 2622 435 2654 643 2648 681 2666 786 2654 809 2669 824 2669 841 2648 847 2645 1011 2657 1148 2642 1192 2669 1204 2669 1303 2639 1341 2663 1353 2663 1400 2642 1426 2666 1426 2669 1645 2666 1663 2651 1865 2666 2014 2657 2060 2631 2060 2601 2052 2528 1572 2525 1566 2519 1520 2496 1508 2496 1508 2499 1473 2534 1388 2534 1373 2516 1353 2499 1353 2496 1338 2496 1280 2534 1245 2534 1213 2502 1213 2499 996 2499 912 2534 882 2505 882 2502 719 2502 719 2505 713 2508 684 2540 432 2505 435 2622"/></Shape>
	    <String CONTENT="Serre &amp; laſchela bride aux po¬"
                    HPOS="432"
                    VPOS="2496"
                    WIDTH="1628"
                    HEIGHT="173"></String>
          </TextLine>
          <TextLine ID="tl_17"
                    TAGREFS="LT210"
                    BASELINE="539 2772 903 2773 1277 2772" 
                    HPOS="537"
                    VPOS="2648"
                    WIDTH="737"
                    HEIGHT="146">
            <Shape><Polygon POINTS="537 2771 537 2788 1271 2794 1274 2771 1274 2683 1242 2683 1242 2680 1204 2648 1201 2648 1198 2648 1195 2648 1192 2648 1137 2677 1128 2680 1105 2674 976 2648 973 2648 970 2648 967 2648 935 2669 917 2683 754 2683 736 2663 722 2651 722 2648 719 2648 716 2648 713 2648 537 2654 537 2771"/></Shape>
	    <String CONTENT="ſtillons d’Eole."
                    HPOS="537"
                    VPOS="2648"
                    WIDTH="737"
                    HEIGHT="146"></String>
          </TextLine>
          <TextLine ID="tl_18"
                    TAGREFS="LT210"
                    BASELINE="305 2919 465 2919 785 2928 1005 2927 1133 2927 1433 2930 1693 2931 1775 2931 2067 2902" 
                    HPOS="301"
                    VPOS="2791"
                    WIDTH="1765"
                    HEIGHT="173">
            <Shape><Polygon POINTS="304 2917 304 2946 429 2943 505 2961 648 2940 830 2964 903 2961 935 2937 1031 2952 1125 2937 1175 2955 1245 2937 1300 2958 1309 2958 1359 2943 1400 2955 1411 2955 1438 2935 1502 2955 1777 2937 1891 2952 1917 2935 1973 2949 1984 2949 1984 2946 2008 2926 2066 2926 2066 2899 2060 2829 1970 2826 1900 2791 1894 2791 1827 2800 1827 2803 1797 2829 1774 2823 1730 2818 1680 2823 1610 2835 1566 2835 1508 2797 1496 2797 1417 2832 1350 2818 1280 2832 1242 2800 1154 2800 1064 2841 812 2841 765 2818 757 2818 695 2838 669 2812 666 2812 666 2809 499 2809 473 2829 301 2809 304 2917"/></Shape>
	    <String CONTENT="On diroit que ce Dieu leur a don¬"
                    HPOS="301"
                    VPOS="2791"
                    WIDTH="1765"
                    HEIGHT="173"></String>
          </TextLine>
          <TextLine ID="tl_19"
                    TAGREFS="LT210"
                    BASELINE="296 3077 429 3081 599 3088 922 3099 1518 3100 1839 3095 2067 3090" 
                    HPOS="295"
                    VPOS="2970"
                    WIDTH="1771"
                    HEIGHT="155">
            <Shape><Polygon POINTS="295 3075 295 3119 344 3095 441 3095 456 3107 456 3110 467 3110 514 3098 543 3119 558 3119 590 3095 701 3113 774 3101 841 3122 1353 3104 1455 3125 2063 3098 2066 3089 2058 2978 1952 2993 1914 2975 1903 2975 1859 3005 1713 3005 1654 2975 1599 2975 1599 2978 1572 3002 1490 2984 1449 2999 1224 2996 1189 2973 1122 2973 1090 3002 836 3002 757 2975 558 2996 532 2973 532 2970 295 2981 295 3075"/></Shape>
	    <String CONTENT="né les vens enfermez dans vn"
                    HPOS="295"
                    VPOS="2970"
                    WIDTH="1771"
                    HEIGHT="155"></String>
          </TextLine>
          <TextLine ID="tl_20"
                    TAGREFS="LT210"
                    BASELINE="302 3239 614 3246 668 3270 950 3255 1090 3263 1250 3264 1622 3257 1720 3259 2056 3228" 
                    HPOS="298"
                    VPOS="3107"
                    WIDTH="1757"
                    HEIGHT="190">
            <Shape><Polygon POINTS="572 3274 625 3291 634 3291 695 3274 841 3297 850 3297 897 3268 1216 3294 1283 3277 1295 3288 1309 3288 1338 3268 1476 3285 1745 3262 1765 3279 1777 3279 1841 3262 1990 3277 2055 3247 2055 3227 2049 3125 2014 3110 2002 3110 1967 3136 1894 3107 1882 3107 1859 3122 1786 3116 1733 3154 1552 3154 1514 3136 1505 3136 1423 3157 1350 3116 1338 3116 1271 3163 1224 3163 1169 3122 1113 3122 1081 3151 1052 3133 1034 3125 1023 3125 982 3157 818 3145 818 3148 790 3129 727 3154 716 3154 681 3177 640 3177 602 3139 602 3136 444 3151 298 3139 301 3274"/></Shape>
	    <String CONTENT="Outre, cõme ils les donna à Viſ¬"
                    HPOS="298"
                    VPOS="3107"
                    WIDTH="1757"
                    HEIGHT="190"></String>
          </TextLine>
          <TextLine ID="tl_21"
                    TAGREFS="LT210"
                    BASELINE="263 3447 378 3447 434 3427 700 3416 842 3424 988 3427 1608 3425 1716 3421 2058 3418" 
                    HPOS="257"
                    VPOS="3285"
                    WIDTH="1798"
                    HEIGHT="214">
            <Shape><Polygon POINTS="260 3446 260 3469 686 3452 736 3490 748 3490 803 3458 847 3496 856 3499 912 3499 912 3496 1096 3452 1181 3493 1309 3472 1426 3490 1789 3487 1862 3446 2052 3437 2055 3417 2043 3294 2002 3315 1970 3300 1961 3300 1885 3323 1622 3323 1575 3300 1561 3300 1490 3323 1280 3323 1248 3306 1221 3285 1052 3285 1052 3288 1011 3326 950 3323 917 3291 917 3288 830 3303 684 3291 654 3315 596 3291 584 3291 584 3294 555 3320 508 3300 499 3300 444 3323 397 3291 298 3291 257 3312 260 3446"/></Shape>
	    <String CONTENT="ſe, tant ils les déchainent à point"
                    HPOS="257"
                    VPOS="3285"
                    WIDTH="1798"
                    HEIGHT="214"></String>
          </TextLine>
        </TextBlock>
        <TextBlock HPOS="682.0"
                   VPOS="111.0"
                   WIDTH="954.0"
                   HEIGHT="161.0"
                   ID="eSc_textblock_08cc70ce"
                   TAGREFS="BT340">
          <Shape><Polygon POINTS="682 111 682 272 1636 272 1636 111"/></Shape>
          <TextLine ID="tl_1"
                    TAGREFS="LT210"
                    BASELINE="728 232 1604 226" 
                    HPOS="724"
                    VPOS="111"
                    WIDTH="877"
                    HEIGHT="140">
            <Shape><Polygon POINTS="1572 111 1543 111 1514 111 1485 111 1455 111 1426 111 1397 111 1368 111 1338 111 1309 111 1280 111 1251 111 1221 111 1192 111 1163 111 1157 111 724 111 727 230 727 251 1599 248 1601 225 1593 111 1572 111"/></Shape>
	    <String CONTENT="PREFACE."
                    HPOS="724"
                    VPOS="111"
                    WIDTH="877"
                    HEIGHT="140"></String>
          </TextLine>
        </TextBlock>
      </PrintSpace>
    </Page>
  </Layout>
</alto>
