2479 3508
774 196 839 163 Liure premier.

473 362 1485 140 bales, de Tambours, de Hau¬

482 473 1476 167 bois, de Fiffres, & de Cimba¬

473 613 1485 173 les en l'aſſemblée; les Turcs

476 774 1479 132 donnerent vn aſſaut à cette

473 903 1479 164 feinte ville de Tauris. Si l’at¬

476 1049 1479 172 taque fut vigoureuſe, la def¬

476 1192 1479 164 fence ne le fut pas moins; l’on

473 1324 1479 178 vid laſcher le pied aux Perſes,

470 1485 1482 146 l'on vid auſſi repouſſer les

470 1625 1482 155 Turcs; & cette fauce image

473 1774 1479 152 de guerre, eut toutes les apa¬

476 1911 1470 152 rences, d’vn veritable com¬

473 2055 1479 149 bat. Mais enfin apres vne

467 2174 1479 199 grande reſiſtance, l’Eſclaue

473 2329 1471 170 bien fait enfonça les portes;

473 2481 1468 152 monta le premier ſur les mu¬

476 2616 1473 161 railles; & arrachant les dra¬

473 2759 1473 176 peaux du Sophi pour arborer

482 2894 1470 193 ceux du Sultan, ſa valeur &

1830 204 122 143 21

1479 3069 274 187 B iij
