4267 7683
2299 472 174 206 8.

929 633 2902 340 d'aimer, & je ne ſçaurois vous le

909 877 2922 320 dire que comme tout le monde vous

922 1114 2909 339 le dit, ne prenés donc point garde

922 1382 2915 301 aux paroles qui ſont foibles, & qui

890 1632 2960 288 peuvent eſtre trompeuſes, mais faites

896 1850 2941 301 reflexion ſur la conduite que je veux

903 2100 2934 275 avoir avec vous, & ſi elle vous teſ¬

903 2336 2941 282 moigne que pour la continuer tous¬

884 2573 2960 295 jours de meſme force il faut eſtre

890 2810 2954 295 vivement touché, rendés vous a ces

877 3073 2960 294 teſmoignages, & croyés que puis que

871 3290 2966 301 je vous aime ſi fort, n'eſtant point

884 3527 2947 301 aimé de vous, je vous adoreray,

877 3771 2954 288 quand vous m'aués obligé d’avoir

877 3982 1640 275 de la reconnoiſſance.

1108 4219 2723 313 Ardeliſe ayant receu cette lettre y

877 4392 1737 326 fiſt auſſy toſt reſponce.

1685 4853 1287 288 LETTRE.

1127 5282 2697 294 'Il y a quelque choſe que vous em¬

1134 5518 2678 289 peſche d’eſtre cru, quand vous par¬

871 5730 2934 345 lés de vos amours, ce n'eſt pas qu’ils

871 5986 2928 390 m’importunent, c'eſt que vous en

3517 6300 263 377 par

871 5347 224 370 S
