4267 7585
417 619 2844 215 rerent, & il en vint d’autres qui ne

404 771 2864 265 vouloyent qu’aimer, un des premiers

417 979 2844 266 qui ſe preſenta fut Oroondate, a qui

410 1175 2864 266 le voiſinage d’Ardeliſe donnoit plus

404 1371 2870 247 de commodité de la voir, & cette rai¬

398 1573 2882 260 ſon fut cauſe qu’il l’aima aſſés long¬

410 1788 2877 240 temps ſans que l’on s'en aperceut, &

429 1978 2864 259 je croy que cet amour euſt touſiours

423 2180 2870 234 eſté caché, ſi Oroondate n’euſt jamais

429 2370 2870 253 eu de rivaux, mais Candole eſtant de¬

423 2572 2889 253 venu amoureux d’Ardeliſe deſcouvrit

436 2762 2876 265 bientoſt ce qui eſtoit caché faute de

423 2983 2883 265 gens intereſſés, ce n’eſt pas que Lenix

429 3166 2877 247 n’aimaſt ſa femme, mais les maris s’a¬

423 3350 2889 328 privoiſent & jamais les amants, & la

423 3571 2895 291 jalouſie de ceux cy eſt mille fois plus

429 3760 2889 297 penetrante, que celle des autres, cela

442 3963 2876 265 fit donc que Candole viſt des choſes

442 4165 2876 265 que Lenix ne voyoit pas, & qu’il n’a

436 4355 2895 290 jamais veves, car il eſt encor a ſcavoir

436 4551 2876 322 qu’Oroondate aimaſt ſa femme. O¬

455 4778 2870 240 roondate avoit les yeux noirs & le

455 4955 2876 259 nés bienfait, la bouche petite, le vi¬

461 5164 2870 246 sage long, les cheveux fort noirs

461 5366 2876 227 longs & eſpaix, la taille belle, il avoit

467 5556 2877 252 aſſés d’Eſprit, ce n’eſtoit pas de ces

474 5751 2870 285 gens qui brillent dans les converſa¬

480 5966 2864 342 tions, mais il eſtoit homme de bon

3002 6156 348 265 ſens

1713 480 151 183 3.

1978 6194 405 253 A 2
