4267 7612
2298 431 273 190 22.

1015 602 2851 248 eſprit tour a tour, le billard, la pau¬

1022 767 2838 266 me, la chaſſe, la comedie & la dance

1009 964 2851 279 avoyent chacun leur temps avec luy,

1009 1160 2851 279 c’eſtoit alors les loteriés dont il eſtoit

1009 1370 2851 266 queſtion, & elles eſtoyent tellement

1009 1579 2864 260 a la mode que chacun en faiſoit les

1009 1750 2864 286 uns d’argent les autres de bijoux &

1003 1947 2876 292 de meubles. Ardeſile en voulut faire

1009 2156 2877 279 une de cette derniere ſorte, mais au

996 2366 2896 272 lieu que dans la plus part on y em¬

996 2575 2896 266 ployoit tout l’argent que l’on y avoit

990 2765 2889 273 eu, & que le ſort apres faiſoit le par¬

1003 2962 2883 273 tage, dans celle cy qui eſtoit de dix

996 3165 2890 311 mille eſcus, il n'y en euſt pas cinq

984 3355 2902 292 d’employés & ces cinq la furent par¬

971 3552 2915 260 tagées au choix d'Ardeſile. Lors

984 3761 2908 260 qu’elle fit les premieres propoſitions

984 3958 2895 285 de la loterie Caſtillante s’y trouva, &

984 4154 2908 279 comme elle demanda a chacun une

984 4351 2902 317 femme ſelon ſa force, & qu'elle luy

996 4548 2896 260 euſt dit qu’il falloit qu’il donnaſt mil¬

996 4757 2890 260 le francs, il luy reſpondit qu’il le vou¬

984 4954 2902 279 loit bien, & qu’il luy promettoit de

996 5163 2890 273 plus de luy faire parmy ſes amys juſ¬

990 5366 2876 273 ques a neuf mil livres. Quelque temps

996 5556 2877 286 apres tout le monde eſtant ſorti, a la

1003 5747 2870 317 reſerve de Caſtillante, je ne ſcay pas

1009 5950 2864 456 Madame, luy dit il, ſi ma paſſion ne

3505 6222 374 235 vous
