4267 7638
1751 531 255 156 11.

452 674 2897 280 qu'ils avoyent au paravant, cependant

458 840 2904 292 Oroondate eſtant demeuré maiſtre

452 1043 2904 274 du champ de bataille, Candole re¬

458 1234 2904 306 commance ſes plaintes contre luy, il

452 1444 2904 287 fait de nouveaux efforts pour le chaſ¬

458 1661 2904 254 ſer, mais inutilement; Ardeſile luy dit

471 1852 2891 305 qu'il ne conſidere que ſes intereſts, &

471 2062 2904 286 qu’il ne ſe ſoucie pas de la perdre,

464 2259 2917 318 puis que ſi elle deffendoit a Oroonda¬

477 2444 2904 324 te de la voir, ſon mary & tout le mon¬

484 2647 2878 306 de ne doutteroyent pas du Sacrifice.

484 2851 2910 280 Ardeſile qui n’aimoit pas tant Oroon¬

477 3067 2917 249 date que Candole, ne le veut pourtant

490 3258 2898 306 pas perdre, tant par ce qu’un & un

484 3475 2904 273 ſont deux, que parce que les coquettes

490 3672 2904 261 croyent mieux retenir leurs amans

490 3863 2910 318 par une petite jalouſie que par une

496 4086 1535 286 grande tranquillité.

726 4226 2674 299 Dans cette entrefaitte Criſpin,

515 4455 2885 286 homme aſſés aagé, de baſſe naiſſance,

509 4671 2891 255 mais fort riche, devint amoureux

503 4862 2904 280 d’Ardeſile, & ayant deſcouvert qu’el¬

490 5104 2917 229 le aimoit le jeu, il crut que ſon argent

515 5263 2892 274 luy tiendroit lieu de merite, & fonda

515 5480 2892 254 ſes plus belles Eſperances ſur la ſom¬

528 5664 2885 287 me qu’il reſolut de luy offrir, il avoit

528 5874 2879 306 aſſés d’accés chez elle pour luy parler

534 6072 2879 458 luy meſme s’il euſt oſé, mais il n’avoit

3146 6307 286 280 pas

1974 6333 439 261 A 6
