4267 7647
1569 446 318 286 13.

1224 802 1237 294 LETTRE.

739 1229 2545 319 E m'eſtois bien apperceue que vous

765 1465 2519 268 aviés de l'Eſprit par les conver¬

682 1739 2609 268 ſations que j'ay eue avec vous,

389 1969 2902 255 mais je ne ſçavois pas encor que vous

382 2185 2915 306 eſcriviſſiés ſi bien que vous faittes, je

401 2421 2902 300 n'ay rien veu de ſi jolis que voſtre let¬

401 2663 2896 242 tre, & je ſeray ravie d'en recevoir

382 2886 2928 344 ſouvent de ſemblables, cepandant je

389 3141 2927 293 ſeray bien aiſe de m'entretenir avec

414 3383 1894 300 vous ſe ſoir a ſix heures.

1843 3651 1333 280 ARDELISE.

644 4027 2679 306 Criſpin ne manqua pas de ſe trou¬

414 4275 2902 223 ver au rendéſvous, & s’y trouva en

427 4492 2896 230 habit cecent, c’eſt a dire, avec ſon ſac

427 4671 2889 274 & ſes quilles, Quinette l’ayant in¬

420 4868 2909 261 troduit dans le cabinet de ſa maiſtreſ¬

420 5066 2909 255 ſe les laiſſa ſeuls. Voila, luy dit il, Ma¬

427 5276 2896 255 dame, luy monſtrant ce qu’il portoit

452 5486 2890 255 ce qui ne ſe trouve pas tous les jours,

440 5684 2895 236 voulés vous le recevoir, je le veus

446 5869 2896 254 bien dit Ardeliſe & cela nous amuſe¬

414 6085 2934 338 ra. Ayant donc conté les deux mille

2831 6283 511 293 piſtol-

369 1253 360 741 J
