4267 7612
1758 560 153 201 5.

438 704 2863 222 nir Comte de tout ce que vous avéz

425 881 2883 235 fait pour moy des le premier jour que

425 1072 2876 234 vous m’avez veüe, & cela me doit ſer¬

419 1281 2882 247 vir d’excuse quand je vous avoueray

419 1471 2889 286 que je vous aime. Ne m'en eſtimés pas

419 1687 2889 254 moins, puis qu’il a longtemps que je

425 1890 2883 209 vous entens soupirer, & quand mesme

419 2080 2889 228 on pourroit trouver quelque choſe a

419 2270 2901 267 redire a mon peu de reſiſtance. Ce ſe¬

419 2461 2895 241 roit une marque de la force de voſtre

425 2664 2546 266 merite pluſtoſt que de ma facilité.

634 2860 2674 248 Apres cela l'on peut bien juger que

425 3076 2876 247 la Dame ne fut pas longtemps ſans

431 3260 2889 235 donner les dernieres faveurs au Ca¬

419 3463 2889 279 vailler, & cela dura quatre ou cinq

419 3685 2889 222 mois de part & d’autres ſans qu’il y

419 3863 2901 241 euſt aucun tracas, mais enfin la

438 4059 2870 235 beauté d’Ardeliſe faiſoit trop de

425 4256 2883 241 bruit, & cette conqueſte promettoit

419 4459 2901 254 trop de gloire a qui la feroit pour

419 4649 2895 241 laiſſer Oroondate en repos, & Can¬

431 4846 2883 241 dole qui eſtoit l’homme de la cour le

431 5055 2883 228 mieux fait, crut qu’il ne manquoit

431 5252 2883 234 rien a ſa reputation que cela, il ſe

438 5455 2870 241 reſolut donc trois mois apres la cam¬

438 5639 2876 272 pagne finie d’eſtre amoureux d’elle

450 5848 2864 235 ſitoſt qu’il la verroit, il fit voir par

457 6051 2857 305 une grande paſſion qu’il eut enſuite

1828 6248 470 425 A 3

2927 6273 400 266 pour
