4267 7656
970 593 2875 242 ſens & d’honneur, quoy que naturelle¬

964 784 2753 294 ment il euſt averſion pour la guerre.

1175 988 2676 243 Eſtant donc devenu amoureux

970 1173 2888 249 d’Ardeliſe il chercha les moyens de

964 1378 2894 255 luy deſcouvrir ſon amour, le voiſi¬

958 1582 2893 268 nage a Paris luy en donnait aſſés

958 1780 2900 248 d’occaſions, mais la legereté qu’elle

958 2009 2900 211 teſmoignoit en toutes choses luy fai¬

961.0 2220.0 2901.0 232.0 ſoit apprehender de s'embarquer

951 2392 2907 230 avec elle, enfin un jour s’eſtant trou¬

951 2583 2907 319 vé teſte a teſte, ſi je ne voulois, luy

945 2788 2913 236 dit il, Madame que vous faire ſcavoir

945 2998 2900 262 que je vous aime, mes ſoins & mes

938 3183 2913 274 regards vous ont aſſés dit ce que je

938 3387 2920 243 ſens pour vous, mais comme il faut

938 3585 2907 262 Madame que vous reſpondiés un jour

938 3789 2913 275 a ma paſſion, il eſt neceſſaire auſſy

945 3981 2906 274 que je la deſcouvre, & que je vous

932 4191 2919 255 aſſure en meſme temps, que vous m’ai¬

938 4376 2907 281 miés ou que vous ne m'aimiés pas, je

932 4580 2919 268 ſuis reſolu de vous aimer toute ma

938 4778 294 230 vie.

1149 4970 2696 280 Oroondate ayant ceſſé de parler,

926 5167 2913 300 je vous avoue Mr. reſpondit Ardeliſe,

938 5378 2901 300 que ce n’eſt pas d’aujourd’huy que je

932 5582 2894 300 connois que vous m’aimés, & quoy

926 5799 2893 236 que vous ne m'en ayés point parlé

926 5984 2893 332 pluſtoſt, je n'ay pas laissé de vous te¬

3602 6239 230 281 nir

2344 446 179 211 4.
