4267 7638
2325 524 241 188 14.

993 661 2872 261 piſtolles dont ils eſtoyent convenus,

987 852 2872 274 elle les enferma dans une Caſette, &

987 1056 2872 280 ſe mettant ſur un petit lict de repos

980 1260 2879 248 aupres de luy, perſonne, luy dit elle

987 1463 2878 268 Mr. n’eſcrit en gaule comme vous, ce

974 1661 2891 248 que je vais dire n’eſt pas pour faire le

961 1852 2904 261 bel eſprit, mais il eſt certain que je

961 2087 2904 242 connois peu de gens qui en ayent: la

955 2259 2917 274 plus part ne vous diſent que des ſotti¬

955 2450 2904 255 ſes & quand ils veulent eſcrire des

948 2654 2911 261 lettres tendres ils penſent avoir bien

942 2889 2917 229 rencontré de vous dire qu’ils vous

942 3061 2917 255 adorent, & qu’ils vont mourir pour

936 3271 2917 248 vous ſi vous ne les aimés, que ſi vous

929 3468 2930 242 leur faittes cette grace ils vous ſervi¬

929 3678 2917 236 ront toute leur vie, comme ſi on avoit

929 3863 2911 255 bien affaire de leurs ſervices. Je ſuis

923 4054 2910 293 ravi, dit Criſpin, que mes lettres vous

923 4258 2917 273 plaiſent, Madame, Je n’en feray pas

923 4487 2917 229 de façon, mes lettres ne me couſtent

917 4659 2910 280 rien, voila interrompit elle, ce qui eſt

917 4856 2904 267 difficile a croire, il faut donc que vous

910 5066 2911 267 ayés un fort grand fond. Apres quel¬

910 5276 2911 255 ques autres diſcours, que l'amour in¬

904 5473 2910 242 terrompit deux ou trois fois, ils con¬

891 5664 2923 274 vinrent d’un autre entreveüe, & à celle

897 5874 2898 268 la, encor d'un autre, de ſorte que deux

897 6072 2885 324 mille Piſtolles valeürent a Criſpin

3419 6314 363 299 trois
