4267 7638
2229 483 267 172 12.

910 591 2866 281 pas la hardieſſe de faire un discours

904 814 2859 280 qui trainoit apres luy de faſcheuſes

891 1005 2860 299 ſuittes, & puis il n’euſt pas eſté bien

891 1209 2872 305 receu, il fit donc deſſein de luy eſcrire

897 1406 2058 293 & luy eſcrivit cette lettre.

1751 1820 1216 267 LETTRE.

1235 2215 2541 331 'Ay bien aimé de fois en ma vie,

1260 2482 2522 305 Madame, mais, je n'ay jamais

827 2288 355 703 J

1203 2749 2567 293 rien tant aimé que vous, ce qui me

866 2972 2904 299 le fait croire, c'eſt que je n'ay jamais

859 3188 2911 331 donné a chacune de mes Maiſtreſſes

847 3411 2916 344 plus de cent piſtolles pour avoir leurs

853 3685 2910 293 bonnes grâces, & pour les voſtres

827 3914 2936 299 j'iray juſques a deux mille, faittés

859 4156 2911 293 reflexion je vous prie la deſſus, &

827 4385 2943 337 ſongés que l'argent eſt plus rare qu'il

853 4640 1223 267 n'a jamais eſté.

1076 5034 2668 287 Quinette femme de chanbre d’Ar¬

847 5225 2916 299 deliſe, & ſa confidente luy rendit

834 5442 2910 280 cette lettre de Criſpin, incontinent

827 5633 2924 343 cette belle luy fit la reſponce qui

834 5817 560 280 ſenſuit.

3159 6275 553 287 LET-
