4267 7647
1733 478 276 210 15.

414 605 2896 261 trois rendéſvous, mais Ardeſile vou¬

401 828 2922 248 lant ſe prevaloir de l’amour de ce

408 1025 2902 274 Bourgeois, & de ſon bien, le pria a la

395 1236 2908 261 quatrieſme viſite de recommancer a

401 1433 2909 268 luy eſcrire de ces billets galants com¬

408 1631 2889 274 me celuy qu’elle avoit receu de luy.

625 1835 2691 267 Criſpin voyant que cela tiroit con¬

401 2058 2909 223 ſequence luy fit des reproches qui ne

401 2230 2909 268 luy ſervirent de rien, & tout ce qu’il

401 2434 2890 255 en peut obtenir fut qu’il ne ſeroit pas

408 2631 2902 262 chaſſé de chez elle. Et qu’il pourroit

414 2829 2889 287 venir joüer lors qu’elle le demande¬

408 3033 2902 261 roit. Ardeſile croyoit qu’en ſe laiſſant

401 3243 2883 249 voir qu’elle entretiendroit ſes deſirs,

414 3428 2889 255 & que peut eſtre ſeroit il aſſés fol

408 3632 2902 293 pour les vouloir ſatisfaire à quelque

401 3842 2902 287 prix que ce fuſt, cepandant il eſtoit

401 4046 2902 249 aſſés amoureux pour ne ſe pouvoir

408 4231 2902 261 empeſcher de la voir, mais il ne l’e¬

408 4473 2895 210 ſtoit pas aſſés pour achepter tous les

395 4639 2322 274 jours ſi cherement ſes faveurs.

612 4836 2691 274 Les choſes eſtant en ces termes ſoit

408 5047 2889 286 que le deſpit euſt fait par les Criſpin,

414 5250 2889 249 ſoit que ſes viſites frequentes ou l’ar¬

408 5448 2895 306 gent que joüoit Ardeſile euſſent peu

414 5665 2896 235 faire faire des reflexions a Candole,

420 5856 2883 255 il pria ſa maiſtreſſe, lors qu’il partit

420 6053 2883 376 pour les confins de l’Eſpagne, de ne

2933 6238 377 319 plus
