4267 7612
1834 527 170 208 7.

463 691 2889 241 avoient plus d’Eſprit que luy, eſtant

463 856 2902 292 donc de retour des confins de l'Eſpa¬

457 1040 2901 304 gne, ou il avoit commandé l’Armée

450 1255 2915 261 ſoubs l’authorité du Prince comme

457 1452 2908 298 proche parent du Roy, il commence

457 1655 2921 267 a teſmoigner a Ardeſile par mille em¬

457 1858 2908 298 preſſements l’amour qu’il avoit pour

457 2055 2914 279 elle dans la penſée, qu’il eut qu’elle

463 2277 2902 253 n’avoit jamais rien aimé, & voyant

463 2461 2921 266 qu’elle ne reſpondoit pas a ſa paſſion,

469 2651 2921 260 il reſolut enfin de la luy apprendre de

476 2854 2908 279 maniere qu’elle ne peuſt faire ſem¬

469 3057 2921 254 blant de l’ignorer, mais comme il

476 3292 2908 241 avoit pour toutes les femmes un re¬

476 3463 2914 279 ſpect qui tenoit un peu de la honte, il

476 3672 2914 279 aima mieux eſcrire a Ardeſile que luy

476 3863 2571 342 parler, voicy ce qu’il luy eſcrivit.

1339 4192 1238 432 LETTRE.

723 4751 2674 310 E ſuis au Deſespoir, Madame,

717 5023 2692 292 que toutes les Declarations d’A¬

488 4801 210 584 J

488 5239 2915 317 mour ſe reſſemblent. Et qu'il y ait

501 5493 2889 273 tant de difference entre les ſentimens.

501 5721 2908 330 Je ſens bien que je vous aime plus

514 5950 2895 386 que tout le monde n'a de couſtume

2774 6210 635 298 d'aimer

1777 6254 470 260 A 4
