4267 7638
2311 400 293 236 30.

999 598 2885 242 quelques endroits. Ah mon dieu eſt il

993 744 2891 299 poſſible, s’eſcria Ardeliſe, que je voye

987 986 2904 236 cela ſans mourir, quoy ce pauvre gar¬

993 1164 2879 255 çon qui avoit tant d’autres choſes de

974 1368 2917 261 plus grande conſequence, avoit gardé

968 1572 2916 248 juſques a ce mouchoir, il a t’il rien au

974 1750 2917 267 monde de plus touchant, & la deſſus

968 1954 2916 273 elle raconta a Feſique que s’eſtant

961 2157 2930 293 quelques années couppée en travail¬

955 2367 2929 249 lant aupres de luy, il luy avoit de¬

955 2577 2929 236 mandé ce mouchoir dont elle avoit

955 2775 2917 242 eſſuyé ſa main, & l’avoit touſiours

948 2978 2930 255 gardé depuis, apres cela elles trouve¬

948 3169 2930 242 rent des bracelets, des bourſes, des

955 3373 2923 267 cheveux & des portraits d’Ardeliſe,

961 3589 2904 242 & comme elles furent tombées ſur les

948 3787 2924 235 Lettres, Feſique pria ſon amye qu’elle

948 3997 2911 248 en peuſt lire quelques unes: Ardeliſe y

942 4188 2923 248 conſentit, & Feſique ouvrit celle cy la

917 4410 783 293 premiere.

1815 4780 1261 292 LETTRE.

1337 5200 2522 292 N dit icy que vous avés eſté

1337 5442 2496 286 battu, ce peut eſtre un faux

929 5690 2904 261 bruit de vos envieux, mais ce peut

917 5925 2916 338 eſtre une verité. Ah mon dieu! dans

3464 6193 382 267 cette

948 5244 338 382 O
