4267 7542
1806 521 151 120 I.

912 647 2410 207 Oubs le regne de Theodate la

912 810 2423 289 guerre qui duroit depuis vingt

925 1018 2404 232 ans n’empeſchoit point qu’on

912 1206 2436 264 ne fiſt quelquefois l’amour ,

459 1401 2876 233 mais comme la Cour eſtoit remplie

453 1608 2876 233 de vieux Cavalliers inſenſibles, ou de

453 1810 2882 276 jeunes gens nés dans le bruit des ar¬

453 2011 2869 239 mées & que ce meſtier avoit rendu

453 2199 2882 258 brutaux, cela avoit fait la plus part

453 2407 2882 245 des Dames un peu moins modeſtes

453 2595 2882 302 qu’autrefois, & voyant qu’elles euſ¬

446 2803 2883 220 ſent langui dans l'oiſiveté, ſi elles

459 2997 2870 258 n’euſſent fait des advances, ou du

453 3192 2882 271 moins ſi elles avoient eſté cruelles, il

453 3387 2876 302 y en avoit beaucoup de pitoyables &

440 3620 2014 232 quelqu'unes d’effrontées.

660 3796 2669 238 Ardeliſe eſtoit de ces dernieres, elle

446 3965 2876 308 avoit le viſage rond, le nés bien fait, la

459 4185 2863 252 bouche petite, les yeux brillans &

453 4380 2869 289 fins, & les traits delicats, le rire, qui

453 4575 2863 245 embellit tout le monde, faiſoit en elle

453 4770 2857 258 un effect tout contraire, elle avoit les

446 4965 2883 270 cheveux d’un chaſtain clair, le ſein

446 5172 2858 289 admirable, la gorge, les mains, &

446 5367 2876 239 les bras bien faits; elle avoit la taille

453 5562 2863 276 groſſiere & ſans ſon viſage on ne luy

453 5782 2857 232 auroit pas pardonné ſon air, cela fit

453 5970 2869 302 dire a ſes flatteurs, quand elle com¬

2794 6241 528 307 mença

1862 6234 227 277 A

453 685 440 691 S
