4267 7647
1677 433 274 197 21.

408 592 2857 236 ment un deſſein mais encor un heu¬

395 751 2877 281 reux ſuccés, & qu’enfin quand elle ne

382 962 2902 261 ſeroit pas coupable, il deuroit n’eſtre

389 1166 2883 274 pas content d’elle devoir, qu’elle fut

376 1382 2889 262 ſoupçonnée de tout le monde, mais

369 1561 2909 325 pendant que ces nouvelles vont por¬

382 1777 2896 249 ter la rage dans l’ame de Candole, il

376 1981 2908 236 eſt a propos de parler de la naiſſance,

376 2192 2896 229 du progrés, & de la fin de la paſſion

382 2370 2883 268 de Caſtillanté. Caſtillante avoit la

376 2574 2896 268 taille belle, le viſage agreable, bien

376 2784 2889 255 de la propreté, fort peu d’Eſprit,

376 2975 2896 255 meſme naiſſance & meſme profeſſion

376 3179 2889 268 que Criſpin, & beaucoup de bien

376 3377 2902 248 comme luy, il eſtoit aſſés bien fait

376 3581 2902 267 pour faire croire que s'il euſt porté

363 3804 2915 217 l’eſpée, il euſt eu de bonnes fortunes

376 3970 2896 280 pour son merite ſeulement, mais ſa

376 4173 2902 294 profeſſion & ſes richeſſes faiſoient

382 4384 2896 255 ſoubçonner que toutes les femmes

382 4581 2902 262 qu'il avoit aimées eſtoient intereſſées,

382 4792 2909 255 ſi bien que quand on le vit amoureux

389 4983 2895 267 d’Ardeliſe, on ne douta point qu’il ne

389 5219 1919 235 fut aimé pour ſon argent.

605 5365 2673 274 Le Roy apres avoir paſſé les eſtés

395 5607 2889 236 ſur les frontieres, revenoit d’ordinaire

401 5786 2890 255 à Paris les hyvers ou tous les diver¬

408 6002 2883 306 tiſſemens du monde occupoient ſon

2870 6181 446 325 eſprit
