4267 7647
2353 490 223 153 10.

969 618 2870 255 faiſoit bonne fortune en deſpit d’elle

975 796 2851 261 meſme, & la choſe euſt duré plus

963 994 2870 299 longtemps, ſi cette belle n’euſt gagné

969 1198 2870 229 ſur la modeſtie de luy faire tant d’a¬

963 1401 2870 236 vance, qu’il pouvoit tout entrepren¬

963 1599 2876 280 dre aupres d’elle ſans trop s'exposer,

956 1790 2896 281 ſon affaire eſtant conclue, il s’appar¬

943 2000 2903 243 cent bientoſt du commerce d’Oroon¬

937 2192 2902 280 date. Un pretendant d’ordinaire ne

931 2402 2895 255 regarde que devant luy, mais un

924 2625 2902 242 amant bien traitté regarde a droit & a

931 2803 2895 255 gauche, & n’eſt pas longtemps ſans

931 3007 2902 242 deſcouvrir ſon rival, ſur cela Candole

924 3192 2902 249 ſe plaint, ſa maiſtreſſe le traitte de bi¬

924 3383 2896 313 ſarre, & de tyran, & le prend ſur un

918 3606 2902 262 ton ſi hault qu’il luy demande par¬

918 3804 2902 261 don, & ſe croit trop heureux de l’a¬

912 3982 2895 262 voir adoucie. Ce calme ne dure pas

899 4199 2921 261 longtemps, Oroondate de ſon coſté

905 4390 2902 274 fait des reproches auſſy inutiles que

912 4600 2889 262 ceux de Candole & voyant qu’il ne

905 4792 2890 274 peut deſtruire ſon rival il fait ſoubs

905 4989 2890 274 main donner advis a Lenix qui def¬

892 5187 2896 280 fend a Ardeſile de le voir, c’eſt a dire

892 5378 2883 331 redouble l’amour de ces deux amans,

886 5614 2889 248 qui ayant plus d’envie de ſe voir de¬

886 5805 2877 287 puis les deffences, en trouverent mil¬

873 5990 2883 363 le moyens plus commodes que ceux

3329 6245 446 312 qu’ils
