4267 7765
1029 634 2946 246 eſt bien aſſurée d’eſtre aimée, il n’en

1029 795 2959 285 falut pas d’avantage a Caſtillante

1023 1009 2952 285 pour luy faire croire, qu’il eſtoit a

1029 1216 2940 259 l’heure du berger, il ſe jetta aux pieds

1023 1404 2939 278 d’Ardeliſe, & comme il ſe vouloit

1003 1604 2979 272 ſervir de cette action d’humilité pour

1023 1831 2946 226 un pretexte a de plus hautes entrepri¬

1029 2018 2946 285 ſes, non non luy dit elle cela ne va pas

1029 2225 2953 298 comme vous penſés, en quel pays

1016 2426 2959 272 avéz vous ouy dire que les femmes

1010 2646 2965 233 faſſent les advances quand vous m’au¬

1010 2866 2972 259 rés donné de veritables marques d’une

1003 3054 2966 297 grande paſſion, je n’en ſeray pas in¬

1003 3280 2966 240 grate. Caſtillante vit bien que chés

1003 3468 2979 259 elle l’argent ſe livroit avant la mar¬

1003 3649 2972 304 chandiſe, & luy dit qu’il avoit deux

997 3869 2959 259 cent piſtolles, & qu’il les luy donne¬

1010 4070 2959 271 roit ſi elle vouloit, & les ayant recéus

1010 4270 2952 253 ſi vous vouliés, luy dit il, m’accorder

1003 4484 2959 252 quelques faveurs ſur & tant moins de

997 4671 2972 285 ces deniers je vous ſerois fort obligé,

1003 4885 2966 252 ou ſi vous voulés toute la ſomme fait¬

1003 5111 2953 253 te moy voſtre billet de ce que je viens

1003 5312 2959 246 de vous donner comme pour valeur

997 5493 2959 266 receüe, elle aima mieux le baiſer que

1010 5713 2939 259 d’eſcrire, & un moment apres Caſtil¬

1010 5901 2933 291 lante ſortit en aſſurant qu’il luy ap¬

1003 6121 2927 343 porteroit le reſte le lendemain, il n’y

3541 6354 408 343 man¬

2376 446 265 194 24.
