4267 7647
1639 458 261 230 17.

344 720 2896 274 plus regarder que comme infame.

561 981 2698 293 Ardeli

350 1198 2915 286 voir une lettre

357 1401 2915 287 conſcience luy faiſoit encor des

350 1624 2922 313 proches plus aigres que

369 1816 2896 255 elle ne chercha point des raiſons pour

369 2020 2915 305 ſe deffendre, & ſe contenta de reſpon

369 2281 1353 229 dre en

1167 2650 1243 300 LETTRE.

803 3039 2500 383 a conduite paſſée eſt ſi ridi¬

790 3339 2533 325 cule, mon cher, que je d

382 3606 2941 268 rerois de pouvoir jamais e

382 3810 2947 319 de vous, ſi je ne pouvois ſauver l'a

389 4065 2934 300 venir par les a

389 4275 2946 294 donne d'un procédé plus honeſte, mais

369 4530 2960 332 je vous jure par vous meſmes qui eſt

408 4792 2927 293 ce que j'ai de plus cher au monde,

408 4996 2934 350 que Criſpin n'entera jamais chés

414 5270 2921 274 moy, & qu'Oroondate que mon mary

414 5461 2902 376 me force de voir, me verra ſi rare

420 5722 2934 325 ment, que vous

408 5971 1849 465 ſeul me tenés lieu de tout.

2933 6200 434 338 Can¬

395 3179 344 383 M
