4267 7629
1853 1014 1218 219 LETTRE.

1309 1341 2582 273 I je pouvois en mourant conſer¬

1030 1316 222 438 S

1316 1583 2588 247 ver de l'eſtime pour vous, il me

992 1786 2918 311 faſcheroit fort de mourir, mais ne

1036 2047 2881 292 pouvant plus vous eſtimer je ne ſçau¬

1030 2282 2893 292 rois plus avoir de regret à la vie, je

1036 2530 2887 292 ne l'aimois que pour la paſſer douce¬

1030 2797 2899 222 ment avec vous, puis qu'un peu de

1036 3038 2893 236 merite que j’avois & la plus grande

1017 3229 2912 299 paſſion du monde ne m'en ont peu fai¬

1042 3471 2887 279 re venir à bout, je n'ay plus d'atta¬

1049 3719 2887 286 chement, & je voy bien que la mort

1042 3941 2900 318 me va delivrer de beaucoup de peines,

1017 4195 2932 274 ſi vous eſtiés capable de quelque ten¬

1055 4431 2881 248 dreſſe vous ne me pourriés pas voir en

1055 4653 2881 299 l'eſtat ou je ſuis, ſans eſtouffer de dou¬

1049 4907 2893 261 leur, mais, dieu mercy, la nature y a

1061 5143 2881 267 mis bon ordre, & puis que vous pou¬

1068 5372 2887 292 viés tous les jours mettre au deſeſ¬

1042 5613 2900 280 poir l'homme du monde qui vous ai¬

1074 5861 2862 280 moit le plus, vous me pourriés bien

1074 6103 2423 311 voir mourir ſans en eſtre touchée.

3764 6363 178 267 La

2340 605 292 215 28.
