4267 7469
1787 423 256 180 29.

666 585 2629 224 La primiere lettre que Candole

473 740 2828 255 avoit eſcrit a Ardeliſe ſur le ſujet de

473 933 2840 255 Caſtillante, luy avoit fait tant de peur

473 1132 2840 262 de ſon retour qu’elle l’apprehendoit

479 1344 2834 249 comme la mort, & je penſe qu’elle

460 1537 2860 249 ſouhaittoit de ne le revoir jamais,

473 1736 2853 224 cepandant le bruit de l’extremité ou

473 1923 2853 255 il eſtoit, la mit au deſeſpoir, & la

479 2122 2859 236 nouvelle de ſa mort que luy donna

492 2321 2840 249 Feſique ſon amye faillit a la faire

492 2527 2853 242 mourir elle meſme, elle fut quelque

485 2719 2841 231 temps ſans connoiſſance, & elle ne

492 2912 2821 243 revint qu’au nom de Mirelle, qu’on

492 3105 2853 243 luy dit qu’il luy vouloit parler, Mi¬

498 3305 2840 242 relle eſtoit le principal confident de

517 3504 2821 224 Candole, qui apportoit a Ardeliſe de

510 3703 2835 230 la part de ſon Maiſtre la lettre, qu’il

517 3902 2840 243 luy avoit eſcritte en mourant, & la

523 4095 2828 243 caſſette ou il enfermoit les lettres &

529 4294 2828 237 toutes les autres faveurs qu’il avoit

535 4493 2834 231 eu d’elle, apres avoir bien leu cette

541 4680 2822 237 derniere lettre, elle ſe mit a pleu¬

535 4892 2828 211 rer plus fort qu’auparavant, la Com¬

548 5091 2834 230 teſſe qui ne la quittoit point dans un

566 5278 2810 249 eſtat ſi deplorable, luy propoſa pour

560 5477 2834 224 amuſer ſa douleur d’ouvrir cette

560 5670 2816 230 caſette, ou elles trouverent d’abord

560 5869 2816 292 un mouchoir marqué de ſang en

2971 6074 430 280 quel¬

1968 6087 374 298 B 3
