4267 7629
2308 524 280 181 20.

972 616 2875 293 d’aupres d’elle, elle alloit a la con¬

960 845 2880 261 queſte de quelque nouvel amant ou

953 1055 2881 261 du moins raſſuroit Oroondate par

960 1239 2874 261 mille douceurs, de crainte que Can¬

953 1436 1628 255 dole ne luy eſchapaſt.

1163 1627 2671 292 L’hiver ſe passa ainſy ſans que Can¬

941 1818 2906 305 dole ſoupçonnaſt quoy que ce ſoit des

941 2028 2899 286 meſchans tours qu’elle luy faiſoit, il

928 2225 2912 292 la quitta pour retourner a l’Armée

915 2428 2919 261 auſſy ſatisfait d’elle qu’il l’avoit jamais

922 2632 2899 292 eſté, il n’y fut pas deux mois, qu’il

909 2854 2925 267 apprit des nouvelles qui troublerent

909 3026 2925 298 ſa joye, ſes amys particuliers qui pre¬

915 3235 2906 248 noient garde a la conduitte de la Mai¬

896 3407 2925 305 ſtreſſe ne luy en avoient oſé rien dire,

896 3636 2925 261 tant ils le trouvoient preoccupé de

896 3820 2919 286 cet infidelle, mais s’eſtant paſſé depuis

883 4030 2932 242 ſon abſence quelque choſe d’extraor¬

890 4221 2919 267 dinaire, & ne craignans pas qu’elle

883 4412 2919 273 deſtruiſit par ſa veüe les impreſſions

883 4628 2919 267 qu’elle luy avoient donnée, ils haſar¬

877 4831 2913 267 derent tous d’accord enſemble, ſans

877 5022 2913 273 qu’ils fiſſent paroiſtre ce concert, de

877 5225 2893 286 luy apprendre ſa conduitte, ils luy

871 5429 2912 260 manderent donc chacun separement

871 5626 2899 280 que Caſtilante avoit un fort grand

871 5817 2880 298 attachement pour Ardeliſe, que ſes

864 6026 2900 331 aſſiduités faiſoient croire non ſeule¬

3357 6300 413 229 ment
