4267 7538
1747 480 256 198 31.

477 690 2847 239 cette incertitude je vous demande la

471 885 2865 277 vie de mon amant, & je vous aban¬

471 1136 2859 258 donne l'armée, ouy mon dieu & non

446 1337 2890 346 ſeulement l’armée, mais l’eſtat &

471 1608 2884 251 tout le monde enſemble, depuis qu'on

483 1853 2872 257 m'a dit cette nouvelle ſans me rien

458 2066 2904 314 particulariſer de vous, je faits vingt

490 2311 2865 321 viſites par jour, j'ouvre de propos de

471 2556 2884 352 guerre pour voir ſi je n'en appren¬

496 2795 2866 276 dray rien qui me puiſſe conſoler, on

502 3027 2872 270 me dit par tout que vous avés eſté

502 3272 2866 264 battu, mais l’on ne me par le point de

509 3492 2865 264 vous en particulier, je n'oſerios de¬

496 3756 2884 251 mander ce que vous eſtes devenu, non

509 3976 2871 289 que je craigne de faire voir par la

521 4233 2866 258 que je vous aime, je ſuis en de trop

502 4466 2878 282 grandes alarmes pour avoir rien a

527 4686 2860 282 menager, mais je crains d’appren¬

527 4924 2866 270 dre plus que je ne voudrais ſçavoir,

534 5144 2859 302 voila l'eſtat ou je ſuis & ſeray juſ¬

534 5395 2865 283 ques au premier ordinaire, ſi j'ay la

502 5622 2897 295 force de l’attendre. Ce qui redou¬

534 5873 2872 295 ble mes inquietudes? c'eſt que vous

2972 6162 440 213 m'a¬

1797 6112 471 276 B 4
