4267 7692
975 814 2919 205 ne me pas deſadvover en vous ai¬

975 1019 2913 301 mant, tous les amans d'ordinaire ſont

975 1243 2919 288 bien aiſe d'entendre nommer leurs

981 1480 2907 327 Maiſtreſſes, mais pour moy je tremble

988 1743 2913 276 quand je lis ou que j'entends voſtre

981 1961 2926 314 nom, il me ſemble tousjours que je

981 2217 2926 282 vay apprendre une hiſtoire de vous,

949 2467 2958 295 pire que la premiere, cepandant je

975 2679 2939 352 n'ay que faire, pour vous meſpriſer,

981 2935 2926 295 d'en ſçavoir d’avantage, vous ne

968 3179 2939 308 pouveZ rien adjouſter a voſtre infa¬

981 3429 2926 275 mie, attendés vous auſſy a tous les

975 3666 2945 288 reſſentimens que merite une femme

962 3910 2952 269 ſans honneur d'un honneſte homme

988 4153 2919 276 qui l'a fort aimée, je n'entre en au¬

994 4403 2932 269 cun deſtail avec vous parce que je

988 4628 2926 288 ne recherche point voſtre juſtifica¬

988 4871 2932 276 tion, & que non ſeulement vous eſtes

988 5121 2932 269 convaincue a mon eſgard, mais que

975 5416 2932 218 je ne puis jamais revenir pour vous.

1199 5807 2715 256 Candole eſcrivit cette Lettre ſur le

994 6031 2913 237 temps qu’il alloit partir pour retour¬

1000 6230 2914 308 ner a la cour, il venoit de perdre un

3227 6461 699 250 combat,

2297 576 269 206 26.
