4267 7629
2337 478 257 202 18.

1252 648 2652 261 Candole fut tout a fait raſſuré par

1023 820 2875 260 cette lettre, il fit en ſuitte des reſolu¬

1023 1042 2875 242 tions de ne point condamner ſa Mai¬

1017 1207 2887 312 ſtreſſe ſur des apparences qu’il jugea

1011 1405 2880 292 peut eſtre trompeuſes, il ſe jetta en

998 1608 2900 311 l’autre extremité de la confiance, &

998 1818 2900 286 prit en bonne part tout ce qu’elle fit

998 2015 2900 299 pendant ſix mois de coqueterie, &

998 2218 2900 274 d’infidelité: car elle continua de voir

998 2403 2900 298 Criſpin, & de donner des faveurs à

992 2606 2912 318 Oroondate, & quoy que l’on en eſcri¬

979 2822 2906 280 viſt de plus de cent endroits a Cando¬

953 3007 2945 317 le, il crut que cela venoit de ſon pere

972 3223 2926 299 & de ſes amys qui le vouloient de¬

966 3420 2919 299 tourner de l’amour qu’il avoit pour

960 3655 2931 267 elle, croyans que cette paſſion l’em¬

953 3852 2938 274 peſcheroit de ſonger au mariage: il

947 4037 2925 279 revint donc de l’Armée plus amou¬

947 4234 2938 305 reux qu’il n'avoit jamais eſté. Ardeſile

947 4437 2925 280 auſſi, aupres de qui une aſſés longue

947 4628 2919 286 abſence faiſoit paſſer Candole pour

941 4850 2938 236 un novel amant, redoubla ſes empreſ¬

947 5028 2919 286 ſemens pour luy a la veüe meſme de

947 5251 2919 273 toute la cour, cet amant prenoit tou¬

934 5435 2926 293 tes les Imprudences qu’elle faiſoit

934 5664 2919 261 pour le voir pour des marques d’une

947 5861 2893 242 paſſion dont elle n’eſtoit plus la Mai¬

941 6058 2893 433 ſtreſſe, quoy que ce ne fuſſent que

3567 6325 261 267 des
