4267 7647
1600 446 268 184 23.

350 599 2883 235 vous eſt pas encor conneüe, car il y a

331 764 2896 287 longtemps que je vous aime, & je ſuis

344 968 2889 268 deſia en de grandes advances de ſoins,

344 1172 2896 255 mais apres m'eſtre entierement don¬

344 1376 2896 261 né a vous il faut que je vous demande

331 1574 2909 261 la confirmation de mon bail, octroyés

338 1777 2908 268 la moy je vous ſupplie & remarqués

331 1988 2915 286 qu’avec les mille francs a quoy vous

344 2211 2896 216 m’avéz taxé, je vous en donne encor

344 2389 2908 249 neuf pour eſtre bien auprés de vous,

344 2580 2902 255 car ce que je vous ay dit de mes amys

344 2784 2908 274 n’a eſté que pour tromper ceux qui

344 2995 2915 248 eſtoient icy. Je vous avoüe Monſieur

350 3186 2915 274 reſpondit elle, que je ne vous ai point

344 3383 2928 262 cru amoureux juſques icy qu’aujour¬

344 3587 2934 274 d’huy, ce n’eſt pas que je n'aye remar¬

344 3804 2928 268 qué certaines mines en vous qui me

344 3982 2928 274 faiſoient ſoubçonner quelque choſe,

350 4199 2922 236 mais je ſuis tellement rebuttée de ces

350 4409 2922 236 façons, & les ſoupirs & les langueurs

344 4581 2940 268 ſont a mon gré une ſi pauvre mar¬

350 4766 2934 300 chandiſe & de ſi foibles marques d’a¬

369 5015 2909 242 mour que ſi vous n’euſſiés pris avec

369 5212 2915 261 moy une corduitte plus honeſte vous

369 5397 2915 261 euſſiés perdu vos peines toute voſtre

369 5588 2922 287 vie, pour ce qui eſt maintenant de

376 5811 2915 230 reconnoiſſance vous devés croire que

376 5996 2915 433 l’on eſt pas loing d’aimer quand on

3087 6187 223 249 eſt
