4267 7665
2286 469 160 201 2.

932 606 2900 230 mença deparoitre qu’elle avoit aſ¬

926 772 2900 256 ſurement le corps bien fait, qui eſt ce

926 990 2906 261 que diſent ordinairement ceux qui

926 1181 2919 268 veulent excuſer les femmes, qui ont

938 1386 2901 281 trop d’embonpoint, & cepandant

932 1584 2907 287 celle cy fut trop ſincere en ce rencon¬

932 1769 2907 306 tre pour laiſſer les gens dans l’erreur,

926 1986 2919 262 s’éclaircit du contraire qui volut, &

926 2178 2925 281 il ne tint pas à elle, qu’elle ne deſabu¬

913 2376 2932 274 ſaſt tout le monde; Ardeliſe avoit

919 2580 2939 268 l’Eſprit vif & plaiſant quand elle

919 2778 2939 288 eſtoit libre, elle eſtoit peu ſincere,

926 2976 2925 281 ineſgale, eſtourdie, point meſchante,

926 3187 2925 275 elle aimoit les plaiſirs juſques a la des¬

926 3391 2938 262 bauche & il y avoit de l’emportement

926 3589 2938 294 juſques dans ſes moindres divertiſſe¬

932 3787 2926 288 mens, ſa beauté autant que son bien,

926 3992 2944 294 quoy qu’il ne fuſt que mediocre, obli¬

926 4202 2938 269 gea Lenix a la rechercher en maria¬

932 4381 2932 301 ge, cettere cherche ne dura pas long¬

926 4592 2938 288 temps. Lenix qui eſtoit homme de

926 4790 2944 294 qualité & de grands biens fut receu

932 4988 2938 275 agreablement de la mere d’Ardeſile,

951 5186 2919 268 & n’eut pas le loiſir de soupirer pour

938 5391 2926 287 des charmes, qui avoient fait deux ans

945 5595 2919 294 durant les ſouhais de toute la cour,

945 5806 2913 281 ce mariage eſtant achevé les amans

951 6010 2907 345 qui avoient voulu eſtre mariés ſe reti¬

3283 6234 562 281 rerent,
