4267 7647
1747 522 262 204 19.

433 656 2870 242 des teſmoignages du dereglement

433 828 2877 274 naturel de ſa raiſon, quand elle avoit

433 1025 2883 325 quelque emportement pour luy qui

433 1261 2902 249 eſclatoit il la croyoit vivement tou¬

446 1433 2889 268 chée, & cepandant elle n’eſtoit que

446 1624 2889 287 folle, il eſtoit tellement perſuadé de

440 1841 2902 274 la paſſion qu'elle avoit pour luy que

440 2026 2921 344 quand il mourroit d’amour pour elle

452 2268 2890 242 il apprehendoit encor d’eſtre ingrat,

465 2440 2902 274 on peut bien juger que la conduite

465 2638 2909 280 de ces amans fit grand bruit, ils

465 2842 2909 261 avoyent tous deux des ennemys, & la

465 3046 2915 254 fortune de l’un & la beauté de l’autre

471 3243 2915 268 luy avoit fait beaucoup d’envieux,

471 3460 2922 274 quand tout le monde les auroit voulu

478 3638 2921 274 ſervir ils auroyent tout deſtruit par

478 3880 2927 223 leur Imprudence, & tout le monde

491 4052 2921 255 leur vouloit nuire, ils ſe donnoyent

497 4263 2915 248 des rendés vous par tout, ſans avoir

497 4448 2915 274 pris aucune meſure avec perſonne, ils

503 4658 2915 274 ſe voyoyent quelques fois dans une

510 4849 2908 274 maiſon que Candole tenoit ſoubs le

516 5066 2909 248 nom d’une Dame de Campagne

510 5257 2908 293 qu’Ardeſile faiſoit ſemblant d’aller

529 5467 2883 274 voir, & le plus ſouvent la nuict chez

535 5665 2890 229 elle meſme, tout ces rendéſvous

548 5869 2877 248 n’uſoyent pas tout le temps de cette

535 6060 2902 395 perfide, lors que Candole ſortoit

3036 6270 401 293 d'au¬
