4267 7701
1015 680 2885 289 pour elle, qu'elles ne ſont pas tous¬

1008 879 2892 295 jours des coups du Ciel ou de la for¬

1015 1123 411 199 tune.

1227 1277 2686 263 Candole avait les yeux bleus &

1015 1469 2904 270 bien faits, les traits irreguliers, la bou¬

1015 1687 2911 251 che grande & deſagreable, mais de

1008 1880 2924 257 fort belle dens, les cheveux d’un

1015 2092 2917 250 blond doré en la plus grande quantité

1028 2284 2904 270 du monde, ſa taille eſtoit admirable,

1015 2489 2917 251 il s’habilloit bien & les plus propres

1015 2682 2924 250 taſchoyent de l’imiter, il avoit l’air

1015 2894 2924 256 d’un homme de qualité, & tenoit l’un

1015 3106 2917 250 des premieres rangs de France, com¬

1021 3292 2918 282 me on diroit a preſent de Duc & Pair,

1015 3497 2924 263 il eſtoit Gouverneur des Gergoniens

1015 3702 2924 270 en Chef, & des Bourguignons con¬

1008 3908 2950 263 jointement avec ſon pere Bernard

1015 4100 2930 263 d’Angleterre, & General de l’Infan¬

1015 4312 2930 257 terie gauloiſe, le genie en eſtoit me¬

1021 4511 2918 231 diocre, mais dans les premieres a¬

1028 4704 2917 243 mours il eſtoit tombé entre les mains

1015 4902 2930 270 d’une Dame qui avoit infiniment de

1021 5101 2931 257 l’Eſprit, & comme ils s’eſtoyent tous

1028 5300 2917 251 deux fort aimées elle avoit pris tant

1034 5499 2911 296 de ſoin a le dresser, & luy de plaire a

1021 5711 2911 263 cette belle, que l’Art avoit paſſé la

1028 5916 2904 302 nature, & qu’il eſtoit beaucoup plus

1028 6122 2904 282 honeſte homme que mille gens qui

3348 6366 584 269 avoient

2374 518 173 200 6.
