4267 7594
1753 491 152 198 9.

392 639 2893 322 par lés trop bien, d’ordinaire les gran¬

398 829 2868 322 des paſſions s’expliquent plus confu¬

379 1069 2894 348 ſement, & il ſemble que vous eſcri¬

405 1316 2887 304 viés comme un homme qui a bien de

405 1582 2880 253 l’Eſprit & qui n’eſt point amoureux,

411 1816 2893 285 mais qui je veut faire croire, & puis

417 2031 2875 342 qu’il ne le ſemble a moy, qui meurs

411 2259 2893 316 d’envie, que vous diſiés vray, jugés

430 2506 2868 297 ce qu’il ſembleroit a d’autres a qui

430 2733 2874 285 voſtre paſſion ſeroit indifferente, ils

430 3012 2868 240 n'heſiteroient pas a croire que vous

436 3221 2868 278 voulés rire, pour moy qui ne veus

405 3423 2912 367 faire jamais de jugements temerai¬

430 3657 2900 348 res, j'accepte le partie que vous m'of¬

411 3885 2906 361 frés, & je veus bien juger par voſtre

449 4151 2862 285 conduitte des ſentimens que vous

455 4410 1304 253 avés pour moy.

664 4777 2659 260 Cette Lettre que les connoiſſeurs

462 4993 2899 265 euſſent trouvé fort douce ne la parut

468 5189 2855 285 pas trop a Candole, comme il avoit

462 5404 2868 259 beaucoup de vanité, il avoit attendu

474 5600 2862 253 des douceurs moins envelopées, ce¬

481 5784 2861 272 la l’empeſcha de tant preſſer Arde¬

474 5967 2868 361 liſe qu’elle l’euſt bien deſiré, il la

2848 6189 551 265 faiſoit

1740 6233 418 297 A 5
