4267 7683
2274 448 269 198 16.

935 646 2909 231 plus voir Criſpin de qui le commerce

922 806 2890 282 nuiſoit a ſa reputation, elle luy pro¬

922 1011 2896 243 mit & n’en fit rien, de ſorte que Can¬

916 1222 2902 256 dole apprenant par ceux qui man¬

916 1414 2908 263 doient des nouvelles de Paris, que

916 1613 2915 256 Criſpin alloit plus souvent chéz Ar¬

909 1805 2909 301 deliſe qu’il n'avoit jamais fait, luy

903 2003 1505 282 eſcrivit une lettre.

1768 2439 1275 275 LETTRE.

1172 2849 2640 333 N vous diſant adieu, Madame,

1159 3137 2659 281 je vous pria de ne plus voir le

890 3361 2928 288 coquin de Criſpin, vous me le pro¬

884 3578 2972 385 miſtes y cepandant il ne bouge de chéZ

884 3841 2928 282 vous, n'avés vous point de honte de

871 4084 2947 282 me mettre en eſtat d'apprehender au¬

877 4321 2935 275 pres de vous un miſerable Bourgeois

884 4564 2928 282 qui ne peut jamais eſtre craint que

871 4801 2941 295 par l'audace que vous luy donnés, ſi

890 5032 2909 314 vous n'en rougiſſés, Madame, j'en

890 5269 2902 275 rougis pour vous & pour moy, & de

864 5512 2948 275 peur de meriter cette honte dont vous

877 5736 2903 275 me voulés accabler, je vais faire un

890 5973 2870 416 effort ſur mon amour pour ne vous

3478 6268 302 288 plus

896 2874 238 423 E
