4267 7692
1636 557 276 205 25.

365 730 2901 231 manqua pas, auſſy l’argent ne fut pas

352 910 2914 295 pluſtoſt Conté qu’elle luy tint parole

352 1121 2926 250 avec tout l’honneur qu’on peut avoir

352 1301 2933 282 en un tel traitté. Quoy que Caſtillan¬

352 1525 2933 237 te fuſt entré par la meſme porte que

352 1717 2926 244 Criſpin, elle en uſa mieux avec luy,

340 1923 2945 243 ſoit qu’elle eſperaſt en tirer de grands

352 2128 2933 250 avantages, ſoit qu’il euſt quelque

359 2314 2932 294 grand merite caché qui luy tint lieu

359 2519 2932 237 de liberalité, elle ne luy demanda pas

352 2762 2939 218 de nouvelles preuves d’amour pour

346 2935 2945 237 luy donner de nouvelles faveurs, ſes

352 3134 2926 244 dix mille livres le firent aimer trois

352 3346 2939 237 moys durant, c’eſt a dire traitter com¬

352 3531 2933 250 me s’il euſt eſté aimé, cepandant Can¬

352 3756 2939 237 dole ayant receu les lettres par leſ¬

352 3942 2939 282 quelles on luy mandoit les nouvelles

352 4147 2965 295 affaires de ſa Maiſtreſſe luy eſcrivit

352 4378 693 262 celle cy.

1199 4717 1258 340 LETTRE.

744 5108 2541 295 Uand vous pourriés vous juſti¬

712 5377 2579 295 fier a moy de toutes les choſes dont

365 5634 2926 276 on vous accuſe, je n'oſerois plus vous

365 5852 2926 275 aimer, quand vous ſeriés malheu¬

365 6070 2926 416 reuſe, vous y avés trop contribué pour

3092 6397 206 314 ne

1854 6365 180 365 B

362 5199 330 467 Q
