4267 7447
1735 642 252 152 27.

472 800 2807 199 combat, & cela n’avoit pas peu con¬

465 955 2833 242 tribue a l’aigreur de ſa lettre, il ne

447 1141 2844 286 pouvoit ſuffrir d’eſtre battu par¬

453 1340 2845 273 tout, & ce luy euſt eſté quelque con¬

447 1551 2838 223 ſolation dans le malheur de la guerre,

434 1743 2851 261 s’il euſt eſté plus heureux en amour. Il

440 1954 2845 205 commença ſon voyage avec un cha¬

447 2147 2838 242 grin eſpouvantable, en d’autres temps

440 2333 2839 236 il ſeroit venu en poſte, mais comme

434 2519 2845 255 s’il euſt eu quelque preſſentiment de

428 2730 2857 230 ſa mauvaiſe fortune, il venoit fort len¬

428 2929 2851 242 tement, il commença dans le chemin

434 3115 2833 279 de ſentir quelqu’ incommodité, a

434 3320 2833 211 Vienne il ſe trouva fort mal, mais

428 3524 2832 236 comme il n’eſtoit plus qu’a une jour¬

428 3704 2845 267 née de Lyon il y voulut aller ſca¬

422 3909 2851 248 chant bien qu’il y ſeroit mieux trait¬

422 4108 2845 267 té, cepandant les fatigues de la cam¬

422 4294 2838 285 pagne l’ayant fort abbatu, les deſplai¬

422 4493 2826 279 ſirs l’acheverent, & ſa jeuneſſe avec

409 4704 2845 223 les aſſiſtences des medecins ne peu¬

422 4890 2820 254 rent luy ſauver la vie, mais comme les

422 5088 2820 267 plus grands maux ne luy puerent fai¬

416 5281 2826 242 re perder le ſouvenir de l’infidelité

409 5467 2833 298 d’Ardeliſe, il luy eſcrivit cette Lettre

416 5672 1416 322 la veille de ſa mort.

2627 6224 608 323 LET¬

1515 6317 398 242 B 2
