4267 7647
841 592 332 223 160

1575 560 1830 262 ANDROMAQUE.

861 892 3189 178 Je puis, en moins de temps que les Grecs ne l'ont

1033 1000 300 210 pris,

861 1121 2780 242 Dans ſes Murs relevez couronner voſtre Fils.

1664 1293 1486 223 ANDROMAQUE.

861 1440 3182 274 Seigneur, tant de grandeurs ne nous touchent plus

1014 1644 408 210 guére,

861 1784 2691 210 Je les luy promettois tant qu’a vécu ſon Pere.

873 1930 2890 217 Non, vous n’eſperez plus de nous revoir encor,

867 2083 2998 236 Sacrez Murs, que n’a pu conſerver mon Hector.

867 2249 3049 249 A de moindres faveurs des mal-heureux prétendent,

880 2408 3151 242 Seigneur. C’eſt un Exil que mes pleurs vous deman¬

1007 2599 313 166 dent.

880 2695 3093 293 Souffrez que loin des Grecs, & meſme loin de vous,

873 2880 2832 229 J’aille cacher mon Fils, & pleurer mon Epoux.

880 3046 2895 242 Voſtre amour contre nous allume trop de haine.

886 3198 2526 262 Retournez, retournez à la Fille d’Helene.

1894 3364 1142 217 PYRRHUS.

880 3504 2997 243 Et le puis-je, Madame? Ah, que vous me geſnez!

886 3708 3145 242 Comment luy rendre un Cœur que vous me rete¬

1026 3868 300 165 nez?

873 3982 2877 255 Je ſçay que de mes vœux on luy promit l’empire.

880 4167 2883 236 je ſçay que pour regner elle vint dans l’Epire.

873 4320 2826 217 Le Sort vous y voulut l’une & l’autre amener,

873 4486 2902 236 Vous pour porter des fers, Elle pour en donner.

886 4645 2889 210 Cependant ay-je pris quelque ſoin de luy plaire?

880 4804 2717 217 Et ne diroit-on pas, en voyant au contraire,

880 4964 3023 255 Vos charmes tout-puiſſans, & les ſiens dédaignez,

873 5142 2807 230 Qu'elle eſt icy Captive, & que vous y regnez?

873 5276 3164 274 Ah! qu’un ſeul des ſoûpirs, que mon Cœur vous

1186 5473 510 185 envoye,

873 5588 2705 249 S’il s’échapoit vers elle, y porterait de joye!

1588 5773 1798 223 ANDROMAQUE.

873 5900 2896 268 Et pourquoy vos ſoûpirs ſeroient-ils repouſſez?

886 6079 2360 204 Auroit-elle oublié vos ſervices paſſez?

886 6232 3042 350 Troye, Hector, contre vous revoltent-ils ſon Ame?

3826 6410 224 230 Aux
