4267 7877
1089 728 1385 256 TRAGEDIE.

3196 840 250 229 147

170 2002 3243 393 ANDROMAQUE.

630 2409 2389 426 TRAGEDIE.

748 3085 2015 426 ACTE I.

334 3557 2869 447 SCENE PREMIERE.

498 4050 2515 413 ORESTE, PYLADE.

1411 4397 807 289 ORESTE.

466 4719 2809 289 UY, puis que je retrouve un Amy ſi fidelle,

472 4896 2580 224 Ma Fortune va prendre une face nouvelle;

131 5067 2613 230 Et déja ſon courroux ſemble s’eſtre adouci,

124 5218 2895 243 Depuis qu’elle a pris ſoin de nous rejoindre ici.

124 5382 3138 256 Qui m’euſt dit, qu’un rivage à mes vœux ſi funeſte,

118 5553 2868 236 Préſenteroit d’abord Pylade aux yeux d’Oreſte;

118 5717 2947 243 Qu'apres plus de ſix mois que je t’avois perdu,

111 5894 2665 217 A ta Cour de Pyrrhus, tu me ſerois rendu!

1378 6045 821 230 PYLADE.

105 6176 3269 276 J’en rends graces au Ciel, qui m’arreſtant ſans ceſſe,

98 6386 2954 243 Sembloit m’avoir fermé le chemin de la Grece,

105 6551 2684 361 Depuis le jour fatal que la fureur des Eaux,

131 4726 321 374 O

2494 6774 315 223 N ij
