<?xml version="1.0" encoding="UTF-8"?>
<alto xmlns:xsi="http://www.w3.org/2001/XMLSchema-instance"
      xmlns="http://www.loc.gov/standards/alto/ns-v4#"
      xsi:schemaLocation="http://www.loc.gov/standards/alto/ns-v4# http://www.loc.gov/standards/alto/v4/alto-4-2.xsd">
  <Description>
    <MeasurementUnit>pixel</MeasurementUnit>
    <sourceImageInformation>
      <fileName>Racine1676_Oeuvres1_cb31168676r_corrected_0166.png</fileName>
    </sourceImageInformation>
  </Description>
  <Tags>
    <OtherTag ID="BT7" LABEL="CustomZone" DESCRIPTION="block type CustomZone"/><OtherTag ID="BT8" LABEL="DamageZone" DESCRIPTION="block type DamageZone"/><OtherTag ID="BT9" LABEL="DigitizationArtefactZone" DESCRIPTION="block type DigitizationArtefactZone"/><OtherTag ID="BT10" LABEL="DropCapitalZone" DESCRIPTION="block type DropCapitalZone"/><OtherTag ID="BT11" LABEL="GraphicZone" DESCRIPTION="block type GraphicZone"/><OtherTag ID="BT12" LABEL="MainZone" DESCRIPTION="block type MainZone"/><OtherTag ID="BT13" LABEL="MarginTextZone" DESCRIPTION="block type MarginTextZone"/><OtherTag ID="BT14" LABEL="MusicZone" DESCRIPTION="block type MusicZone"/><OtherTag ID="BT15" LABEL="NumberingZone" DESCRIPTION="block type NumberingZone"/><OtherTag ID="BT17" LABEL="QuireMarksZone" DESCRIPTION="block type QuireMarksZone"/><OtherTag ID="BT18" LABEL="RunningTitleZone" DESCRIPTION="block type RunningTitleZone"/><OtherTag ID="BT19" LABEL="SealZone" DESCRIPTION="block type SealZone"/><OtherTag ID="BT20" LABEL="StampZone" DESCRIPTION="block type StampZone"/><OtherTag ID="BT21" LABEL="TableZone" DESCRIPTION="block type TableZone"/><OtherTag ID="BT22" LABEL="TitlePageZone" DESCRIPTION="block type TitlePageZone"/><OtherTag ID="BT313" LABEL="Title" DESCRIPTION="block type Title"/><OtherTag ID="BT314" LABEL="Stamp" DESCRIPTION="block type Stamp"/><OtherTag ID="BT315" LABEL="Decoration" DESCRIPTION="block type Decoration"/><OtherTag ID="BT316" LABEL="Numbering" DESCRIPTION="block type Numbering"/><OtherTag ID="BT317" LABEL="Main" DESCRIPTION="block type Main"/><OtherTag ID="BT318" LABEL="Margin" DESCRIPTION="block type Margin"/><OtherTag ID="BT319" LABEL="Signatures" DESCRIPTION="block type Signatures"/><OtherTag ID="BT320" LABEL="RunningTitle" DESCRIPTION="block type RunningTitle"/><OtherTag ID="BT321" LABEL="DropCapital" DESCRIPTION="block type DropCapital"/>
    <OtherTag ID="LT7" LABEL="CustomLine" DESCRIPTION="line type CustomLine"/><OtherTag ID="LT8" LABEL="DefaultLine" DESCRIPTION="line type DefaultLine"/><OtherTag ID="LT9" LABEL="DropCapitalLine" DESCRIPTION="line type DropCapitalLine"/><OtherTag ID="LT10" LABEL="HeadingLine" DESCRIPTION="line type HeadingLine"/><OtherTag ID="LT11" LABEL="InterlinearLine" DESCRIPTION="line type InterlinearLine"/><OtherTag ID="LT12" LABEL="MusicLine" DESCRIPTION="line type MusicLine"/><OtherTag ID="LT206" LABEL="Default" DESCRIPTION="line type Default"/><OtherTag ID="LT207" LABEL="Rubric" DESCRIPTION="line type Rubric"/>
  </Tags>
  <Layout>
    <Page WIDTH="4267"
          HEIGHT="7638"
          PHYSICAL_IMG_NR="1"
          ID="eSc_dummypage_">
      <PrintSpace HPOS="0"
                  VPOS="0"
                  WIDTH="4267"
                  HEIGHT="7638">
        <TextBlock HPOS="839.0"
                   VPOS="599.0"
                   WIDTH="360.0"
                   HEIGHT="252.0"
                   ID="eSc_textblock_44ea7f01"
                   TAGREFS="BT316">
          <Shape><Polygon POINTS="839 599 839 851 1199 851 1199 599"/></Shape>
          <TextLine ID="tl_1"
                    TAGREFS="LT206"
                    BASELINE="900 728 1170 797" 
                    HPOS="866"
                    VPOS="604"
                    WIDTH="324"
                    HEIGHT="242">
            <Shape><Polygon POINTS="1190 623 1063 604 1057 604 993 604 923 604 897 725 866 846 1146 846 1165 795 1190 661 1190 623"/></Shape>
	    <String CONTENT="144"
                    HPOS="866"
                    VPOS="604"
                    WIDTH="324"
                    HEIGHT="242"></String>
          </TextLine>
        </TextBlock>
        <TextBlock HPOS="803.0"
                   VPOS="887.0"
                   WIDTH="3308.0"
                   HEIGHT="5777.0"
                   ID="eSc_textblock_fb5f3346"
                   TAGREFS="BT317">
          <Shape><Polygon POINTS="839 887 803 6053 4111 6664 4039 887"/></Shape>
          <TextLine ID="tl_2"
                    TAGREFS="LT206"
                    BASELINE="900 1006 1020 1003 1290 1007 1674 1007 2224 1006 2360 1040 2602 1007 3294 1002 4046 1037" 
                    HPOS="891"
                    VPOS="891"
                    WIDTH="3153"
                    HEIGHT="184">
            <Shape><Polygon POINTS="4012 891 897 891 897 1005 891 1050 4031 1075 4044 1031 4037 922 4012 891"/></Shape>
	    <String CONTENT="le pié dans Troye, &amp; qu’apres l’embraſe¬"
                    HPOS="891"
                    VPOS="891"
                    WIDTH="3153"
                    HEIGHT="184"></String>
          </TextLine>
          <TextLine ID="tl_3"
                    TAGREFS="LT206"
                    BASELINE="905 1195 1254 1195 1488 1195 1882 1200 2200 1200 2363 1230 2946 1199 3458 1194 3648 1200 4039 1220" 
                    HPOS="897"
                    VPOS="1043"
                    WIDTH="3140"
                    HEIGHT="223">
            <Shape><Polygon POINTS="904 1190 904 1266 2776 1228 4024 1253 4037 1215 4031 1050 897 1043 904 1190"/></Shape>
	    <String CONTENT="ment de cette Ville, Menelas trouve ſa Fem¬"
                    HPOS="897"
                    VPOS="1043"
                    WIDTH="3140"
                    HEIGHT="223"></String>
          </TextLine>
          <TextLine ID="tl_4"
                    TAGREFS="LT206"
                    BASELINE="905 1385 1111 1383 1329 1389 1905 1390 1971 1424 2337 1388 2603 1389 3175 1383 3581 1384 4043 1429" 
                    HPOS="897"
                    VPOS="1209"
                    WIDTH="3140"
                    HEIGHT="254">
            <Shape><Polygon POINTS="4012 1253 3916 1222 3891 1222 3891 1228 3859 1260 3298 1260 3248 1253 3082 1215 3069 1215 3012 1247 2974 1215 2955 1215 2604 1247 2553 1241 2458 1222 2420 1228 2356 1228 2330 1222 2273 1234 2146 1253 2095 1215 2095 1209 2063 1209 1993 1247 904 1215 904 1381 897 1438 3056 1425 3165 1463 3203 1463 3298 1432 4024 1463 4037 1425 4037 1413 4012 1253"/></Shape>
	    <String CONTENT="me en Egypte, dont elle n&#x27;eſtoit point partie."
                    HPOS="897"
                    VPOS="1209"
                    WIDTH="3140"
                    HEIGHT="254"></String>
          </TextLine>
          <TextLine ID="tl_5"
                    TAGREFS="LT206"
                    BASELINE="905 1579 1269 1577 1587 1573 2055 1582 2323 1578 2633 1579 3213 1577 3537 1572 4049 1617" 
                    HPOS="897"
                    VPOS="1406"
                    WIDTH="3147"
                    HEIGHT="242">
            <Shape><Polygon POINTS="1987 1419 1980 1413 904 1406 904 1578 897 1629 4031 1648 4044 1616 4044 1438 1999 1413 1987 1419"/></Shape>
	    <String CONTENT="Tout cela fondé ſur une opinion qui n&#x27;eſtoit"
                    HPOS="897"
                    VPOS="1406"
                    WIDTH="3147"
                    HEIGHT="242"></String>
          </TextLine>
          <TextLine ID="tl_6"
                    TAGREFS="LT206"
                    BASELINE="901 1762 1345 1761 1673 1767 2155 1822 2369 1770 3203 1801 3737 1772 3935 1786 4049 1807" 
                    HPOS="891"
                    VPOS="1578"
                    WIDTH="3153"
                    HEIGHT="286">
            <Shape><Polygon POINTS="1980 1578 1967 1578 1827 1616 1420 1616 1413 1610 1337 1578 1222 1578 897 1597 897 1756 891 1820 1573 1833 1624 1801 1687 1826 1732 1839 1967 1814 2184 1845 2394 1807 2744 1858 2763 1858 2808 1814 2967 1814 3018 1826 3133 1864 3152 1864 3235 1826 3254 1820 4031 1826 4044 1801 4044 1648 3993 1616 3974 1616 3751 1648 3725 1616 3719 1616 3719 1610 3267 1603 3177 1635 2859 1597 2713 1629 2668 1591 2388 1584 2286 1616 2197 1584 2171 1584 2127 1623 1987 1578 1980 1578"/></Shape>
	    <String CONTENT="receuë que parmy les Egyptiens, comme on le"
                    HPOS="891"
                    VPOS="1578"
                    WIDTH="3153"
                    HEIGHT="286"></String>
          </TextLine>
          <TextLine ID="tl_7"
                    TAGREFS="LT206"
                    BASELINE="896 2010 1201 1955 1533 1955 1917 1962 2690 1967" 
                    HPOS="885"
                    VPOS="1775"
                    WIDTH="1802"
                    HEIGHT="255">
            <Shape><Polygon POINTS="2369 1775 2362 1775 2248 1814 2241 1814 2203 1814 2190 1807 2158 1820 2095 1814 2031 1807 1967 1801 1955 1794 1630 1782 1624 1782 1617 1782 1611 1782 1611 1788 1604 1788 1579 1820 1534 1820 1101 1788 1095 1788 885 1820 891 2004 891 2030 2687 2004 2687 1966 2681 1814 2375 1775 2369 1775"/></Shape>
	    <String CONTENT="peut voir dans Herodote."
                    HPOS="885"
                    VPOS="1775"
                    WIDTH="1802"
                    HEIGHT="255"></String>
          </TextLine>
          <TextLine ID="tl_8"
                    TAGREFS="LT206"
                    BASELINE="1054 2205 1230 2145 1484 2145 1882 2206 2180 2150 2532 2149 3020 2149 3558 2150 3786 2154 4034 2188" 
                    HPOS="1044"
                    VPOS="1960"
                    WIDTH="2987"
                    HEIGHT="267">
            <Shape><Polygon POINTS="2681 1966 2668 1966 2579 2004 2496 1973 1553 2004 1496 1966 1464 1966 1401 2004 1152 1960 1108 1973 1050 1979 1050 2202 1044 2221 1229 2221 1229 2215 1241 2215 1241 2208 1280 2176 1522 2221 1534 2221 1630 2189 1783 2221 2114 2189 2216 2221 2229 2221 2451 2189 2744 2227 2763 2227 2776 2215 2827 2189 4018 2215 4031 2183 4031 2017 3808 2017 3808 2011 3763 1973 3763 1966 3738 1966 3572 2011 3458 1966 2872 1966 2776 2011 2713 1960 2681 1960 2681 1966"/></Shape>
	    <String CONTENT="Je ne croy pas que j’euſſe beſoin de cét"
                    HPOS="1044"
                    VPOS="1960"
                    WIDTH="2987"
                    HEIGHT="267"></String>
          </TextLine>
          <TextLine ID="tl_9"
                    TAGREFS="LT206"
                    BASELINE="900 2338 1464 2333 2260 2338 2672 2343 3268 2343 3498 2338 3806 2348 4030 2374" 
                    HPOS="891"
                    VPOS="2157"
                    WIDTH="3133"
                    HEIGHT="261">
            <Shape><Polygon POINTS="2044 2176 1980 2183 1916 2195 1853 2202 1789 2189 1783 2189 1776 2183 1725 2183 1662 2170 1611 2157 1133 2170 1089 2189 1082 2176 897 2176 897 2335 891 2386 3477 2386 3515 2412 3515 2418 3521 2418 3528 2418 3534 2418 3579 2418 3827 2386 4012 2418 4024 2367 4018 2208 2974 2164 2967 2164 2961 2164 2853 2195 2789 2164 2783 2164 2776 2164 2617 2195 2592 2202 2248 2202 2241 2189 2216 2170 2216 2164 2209 2164 2203 2164 2197 2164 2057 2170 2044 2176"/></Shape>
	    <String CONTENT="exemple d&#x27;Euripide pour juſtifier le peu de"
                    HPOS="891"
                    VPOS="2157"
                    WIDTH="3133"
                    HEIGHT="261"></String>
          </TextLine>
          <TextLine ID="tl_10"
                    TAGREFS="LT206"
                    BASELINE="890 2526 1330 2527 1678 2533 1782 2584 1990 2588 2444 2536 2832 2533 3006 2533 3144 2583 3288 2534 3636 2532 3870 2542 4020 2562" 
                    HPOS="878"
                    VPOS="2342"
                    WIDTH="3140"
                    HEIGHT="242">
            <Shape><Polygon POINTS="3330 2342 3311 2342 3279 2367 3273 2380 3025 2380 2999 2367 2974 2348 2967 2348 2961 2348 2955 2348 2834 2367 2732 2380 2681 2367 2617 2342 2611 2342 2604 2342 2598 2342 2592 2342 2592 2348 2566 2367 2541 2386 2369 2361 2241 2348 2235 2348 2152 2361 1993 2393 1496 2361 1464 2361 1458 2361 1452 2361 1445 2361 1388 2393 1356 2367 1356 2361 1350 2361 1343 2361 878 2361 885 2520 885 2577 4012 2584 4018 2558 4005 2374 3534 2374 3496 2367 3362 2342 3330 2342"/></Shape>
	    <String CONTENT="liberté que j&#x27;ay priſe. Car il y a bien de la"
                    HPOS="878"
                    VPOS="2342"
                    WIDTH="3140"
                    HEIGHT="242"></String>
          </TextLine>
          <TextLine ID="tl_11"
                    TAGREFS="LT206"
                    BASELINE="895 2716 1022 2711 1260 2717 1414 2717 1564 2721 2006 2722 2644 2723 2862 2721 3534 2722 4015 2736" 
                    HPOS="885"
                    VPOS="2526"
                    WIDTH="3127"
                    HEIGHT="268">
            <Shape><Polygon POINTS="3260 2539 3203 2577 3171 2565 3120 2571 3056 2552 3018 2571 2897 2539 2872 2539 2827 2571 2783 2539 2783 2533 2757 2533 2674 2571 2477 2539 2324 2571 2292 2546 2292 2552 2101 2571 2037 2584 1783 2584 1757 2571 1260 2571 1165 2526 1152 2526 891 2565 891 2711 885 2775 1254 2756 3999 2794 4012 2730 4005 2584 3770 2584 3763 2577 3700 2539 3681 2539 3432 2571 3292 2539 3260 2539"/></Shape>
	    <String CONTENT="difference entre détruire le principal fonde¬"
                    HPOS="885"
                    VPOS="2526"
                    WIDTH="3127"
                    HEIGHT="268"></String>
          </TextLine>
          <TextLine ID="tl_12"
                    TAGREFS="LT206"
                    BASELINE="895 2911 1245 2911 1751 2915 2125 2916 2437 2920 2801 2915 3367 2916 4019 2940" 
                    HPOS="885"
                    VPOS="2717"
                    WIDTH="3133"
                    HEIGHT="274">
            <Shape><Polygon POINTS="2209 2724 1846 2724 1764 2762 1745 2762 1515 2717 1503 2717 1375 2756 891 2756 891 2908 885 2953 2834 2953 2961 2985 3012 2985 3241 2959 4005 2991 4018 2934 4018 2787 3846 2787 3846 2781 3802 2743 3782 2743 3572 2775 3203 2736 2974 2736 2923 2775 2853 2775 2350 2736 2337 2736 2273 2762 2216 2724 2209 2724"/></Shape>
	    <String CONTENT="ment d&#x27;une Fable &amp; en alterer quelques"
                    HPOS="885"
                    VPOS="2717"
                    WIDTH="3133"
                    HEIGHT="274"></String>
          </TextLine>
          <TextLine ID="tl_13"
                    TAGREFS="LT206"
                    BASELINE="891 3100 1369 3099 1567 3145 1931 3104 2643 3109 3309 3106 3651 3104 4025 3134" 
                    HPOS="878"
                    VPOS="2915"
                    WIDTH="3146"
                    HEIGHT="267">
            <Shape><Polygon POINTS="3540 2921 3521 2921 3521 2927 3483 2959 3477 2972 3337 2972 3311 2959 3260 2921 3012 2921 2853 2946 2751 2966 2732 2946 2713 2934 2713 2927 2528 2921 2413 2940 2286 2966 2152 2934 2082 2921 2063 2921 2063 2927 2050 2934 2018 2966 1910 2921 1885 2921 1872 2934 1821 2966 1350 2934 1337 2934 1273 2966 1222 2921 1222 2915 1203 2915 974 2946 885 2915 885 3099 878 3144 1050 3176 1210 3144 1241 3144 1286 3182 1636 3150 1687 3182 1706 3182 1936 3150 2279 3182 4018 3144 4024 3131 4018 2972 3655 2972 3642 2959 3547 2921 3540 2921"/></Shape>
	    <String CONTENT="incidens, qui changent preſque de face"
                    HPOS="878"
                    VPOS="2915"
                    WIDTH="3146"
                    HEIGHT="267"></String>
          </TextLine>
          <TextLine ID="tl_14"
                    TAGREFS="LT206"
                    BASELINE="891 3288 1199 3289 1751 3297 2105 3294 2647 3299 3041 3293 3329 3298 4029 3332" 
                    HPOS="878"
                    VPOS="3106"
                    WIDTH="3146"
                    HEIGHT="273">
            <Shape><Polygon POINTS="1955 3106 1936 3106 1866 3157 1840 3163 885 3131 885 3284 878 3322 2095 3347 2229 3316 2343 3354 2458 3354 3209 3335 3241 3360 3241 3367 3668 3341 4012 3379 4024 3328 4024 3201 3954 3144 3566 3137 3356 3195 3337 3195 3235 3131 2655 3182 2630 3176 2490 3118 2471 3118 2369 3176 2114 3176 2088 3157 1961 3106 1955 3106"/></Shape>
	    <String CONTENT="dans toutes les mains qui les traittent."
                    HPOS="878"
                    VPOS="3106"
                    WIDTH="3146"
                    HEIGHT="273"></String>
          </TextLine>
          <TextLine ID="tl_15"
                    TAGREFS="LT206"
                    BASELINE="890 3483 1011 3483 1151 3479 1249 3483 1807 3484 2225 3488 2419 3488 3029 3487 3315 3488 3831 3492 4021 3512" 
                    HPOS="878"
                    VPOS="3290"
                    WIDTH="3140"
                    HEIGHT="274">
            <Shape><Polygon POINTS="3751 3322 3687 3316 3623 3316 3560 3309 3496 3309 3432 3303 3369 3303 3356 3297 3209 3328 3197 3328 3152 3297 3120 3297 3120 3303 3088 3328 3088 3335 2846 3335 2770 3297 2413 3297 1420 3316 1260 3290 1159 3290 885 3316 885 3481 878 3519 942 3551 1452 3526 1528 3558 1547 3558 1662 3519 1719 3519 2757 3564 2929 3526 2942 3526 3044 3564 3063 3564 3171 3526 3891 3526 3929 3564 3954 3564 4012 3532 4018 3507 4012 3335 3802 3322 3751 3322"/></Shape>
	    <String CONTENT="Ainſi Achille ſelon la pluſpart des Poëtes ne"
                    HPOS="878"
                    VPOS="3290"
                    WIDTH="3140"
                    HEIGHT="274"></String>
          </TextLine>
          <TextLine ID="tl_16"
                    TAGREFS="LT206"
                    BASELINE="890 3722 1194 3673 1572 3677 2006 3682 2458 3676 2900 3677 3016 3717 3468 3712 3716 3676 4014 3686" 
                    HPOS="878"
                    VPOS="3488"
                    WIDTH="3134"
                    HEIGHT="267">
            <Shape><Polygon POINTS="3700 3488 3509 3519 3470 3488 3413 3488 3369 3532 2751 3532 2732 3513 2713 3500 2713 3494 2681 3494 2623 3538 2381 3538 2279 3494 2260 3494 2101 3538 2018 3494 1579 3526 1375 3500 1356 3500 1343 3513 1311 3532 878 3513 885 3755 1942 3710 2095 3742 2127 3742 2407 3710 2725 3742 2783 3736 2904 3710 2942 3742 4005 3717 4012 3685 4005 3519 3700 3488"/></Shape>
	    <String CONTENT="peut eſtre bleſſé qu&#x27;au talon, quoy qu&#x27;Ho¬"
                    HPOS="878"
                    VPOS="3488"
                    WIDTH="3134"
                    HEIGHT="267"></String>
          </TextLine>
          <TextLine ID="tl_17"
                    TAGREFS="LT206"
                    BASELINE="890 3861 1234 3867 1424 3865 1806 3870 2334 3866 2582 3871 2950 3865 3170 3875 3418 3870 3600 3866 4020 3894" 
                    HPOS="878"
                    VPOS="3678"
                    WIDTH="3140"
                    HEIGHT="249">
            <Shape><Polygon POINTS="3496 3710 3451 3710 3426 3729 3177 3729 3165 3717 3114 3717 3050 3717 2986 3704 2974 3698 2795 3723 2732 3691 2693 3678 2687 3678 2681 3678 2496 3698 2260 3717 2222 3698 2184 3678 2158 3678 2146 3678 2114 3698 2101 3704 2088 3698 2063 3678 2031 3678 1980 3678 1815 3698 1789 3698 1770 3698 1643 3678 1585 3678 1522 3678 1458 3678 1394 3678 1331 3678 1063 3691 1012 3704 948 3710 885 3717 885 3857 878 3901 4005 3927 4018 3889 4012 3691 3827 3736 3572 3736 3534 3698 3496 3710"/></Shape>
	    <String CONTENT="mere le faſſe bleſſer au bras &amp; ne le croye"
                    HPOS="878"
                    VPOS="3678"
                    WIDTH="3140"
                    HEIGHT="249"></String>
          </TextLine>
          <TextLine ID="tl_18"
                    TAGREFS="LT206"
                    BASELINE="886 4050 1732 4059 2000 4064 2538 4059 3016 4059 3248 4059 3558 4060 4020 4094" 
                    HPOS="878"
                    VPOS="3863"
                    WIDTH="3140"
                    HEIGHT="280">
            <Shape><Polygon POINTS="1547 3869 1445 3876 1069 3895 885 3863 885 4048 878 4105 3502 4105 3585 4111 3833 4143 3840 4143 4012 4111 4018 4092 4012 3933 1553 3869 1547 3869"/></Shape>
	    <String CONTENT="invulnerable en aucune partie de ſon corps."
                    HPOS="878"
                    VPOS="3863"
                    WIDTH="3140"
                    HEIGHT="280"></String>
          </TextLine>
          <TextLine ID="tl_19"
                    TAGREFS="LT206"
                    BASELINE="889 4253 1250 4249 1956 4248 2260 4248 2818 4249 3374 4254 4020 4274" 
                    HPOS="878"
                    VPOS="4092"
                    WIDTH="3140"
                    HEIGHT="236">
            <Shape><Polygon POINTS="4005 4092 3942 4092 885 4092 885 4251 878 4296 3343 4296 3419 4321 3432 4328 3439 4328 3445 4328 3451 4328 3458 4328 3458 4321 3515 4296 3897 4296 3999 4328 4018 4270 4012 4092 4005 4092"/></Shape>
	    <String CONTENT="Ainſi Sophocle fait mourir Jocaſte auſſi-toſt"
                    HPOS="878"
                    VPOS="4092"
                    WIDTH="3140"
                    HEIGHT="236"></String>
          </TextLine>
          <TextLine ID="tl_20"
                    TAGREFS="LT206"
                    BASELINE="885 4438 1239 4439 1469 4443 2547 4439 3209 4497 3393 4478 3781 4442 4019 4466" 
                    HPOS="872"
                    VPOS="4251"
                    WIDTH="3146"
                    HEIGHT="242">
            <Shape><Polygon POINTS="1407 4251 1401 4251 878 4283 878 4436 872 4480 4005 4493 4018 4461 4012 4315 3757 4277 3751 4277 3591 4309 3585 4309 3553 4277 3547 4277 3540 4277 3534 4277 3528 4277 3413 4309 3407 4309 3400 4309 3362 4270 3356 4270 3349 4270 3343 4270 2923 4302 2904 4302 2897 4302 2763 4264 2757 4264 2751 4264 2445 4296 2114 4258 2108 4258 1515 4290 1503 4290 1413 4251 1407 4251"/></Shape>
	    <String CONTENT="apres la reconnoiſſance d&#x27;Oedipe, tout au"
                    HPOS="872"
                    VPOS="4251"
                    WIDTH="3146"
                    HEIGHT="242"></String>
          </TextLine>
          <TextLine ID="tl_21"
                    TAGREFS="LT206"
                    BASELINE="885 4630 1499 4631 2249 4632 2533 4637 2721 4637 3025 4631 3437 4636 3861 4642 4025 4656" 
                    HPOS="872"
                    VPOS="4442"
                    WIDTH="3152"
                    HEIGHT="249">
            <Shape><Polygon POINTS="3490 4468 3426 4468 3407 4487 3375 4474 3362 4480 3235 4493 3171 4493 3088 4487 3037 4474 2916 4474 2789 4461 2776 4455 2744 4487 2738 4487 2674 4449 2623 4442 2388 4480 2229 4442 2216 4442 1904 4449 1866 4480 1643 4449 1439 4480 1420 4480 1381 4442 1350 4442 1292 4480 878 4480 878 4627 872 4665 4012 4691 4024 4652 4024 4493 3763 4449 3751 4449 3623 4487 3540 4461 3490 4468"/></Shape>
	    <String CONTENT="contraire d&#x27;Euripide qui la fait vivre juſqu&#x27;au"
                    HPOS="872"
                    VPOS="4442"
                    WIDTH="3152"
                    HEIGHT="249"></String>
          </TextLine>
          <TextLine ID="tl_22"
                    TAGREFS="LT206"
                    BASELINE="885 4820 1399 4825 1657 4831 1841 4830 2065 4820 2477 4826 2711 4825 2961 4825 3385 4826 3755 4830 4021 4844" 
                    HPOS="872"
                    VPOS="4633"
                    WIDTH="3146"
                    HEIGHT="248">
            <Shape><Polygon POINTS="2592 4640 2025 4678 1961 4640 1936 4640 1846 4678 1802 4640 1776 4640 1681 4671 1674 4671 1579 4633 1553 4633 1509 4671 1241 4671 1197 4633 1165 4633 1114 4671 936 4640 923 4640 878 4659 878 4818 872 4869 4005 4881 4018 4843 4012 4678 3897 4652 3884 4652 3795 4678 3738 4691 3681 4646 3432 4646 3400 4671 3381 4691 3356 4671 3292 4640 3063 4640 3063 4646 3018 4678 3012 4671 2967 4640 2757 4640 2681 4678 2674 4671 2598 4640 2592 4640"/></Shape>
	    <String CONTENT="combat &amp; à la mort de ſes deux Fils. Et"
                    HPOS="872"
                    VPOS="4633"
                    WIDTH="3146"
                    HEIGHT="248"></String>
          </TextLine>
          <TextLine ID="tl_23"
                    TAGREFS="LT206"
                    BASELINE="886 5008 1175 5009 1341 5015 1863 5020 2101 5014 2713 5015 3523 5020 3743 5020 4020 5018" 
                    HPOS="878"
                    VPOS="4824"
                    WIDTH="3140"
                    HEIGHT="261">
            <Shape><Polygon POINTS="2483 4831 2477 4831 2471 4831 2464 4831 2299 4869 1987 4831 1980 4831 1974 4831 1967 4831 1967 4837 1929 4869 1706 4837 1700 4837 1496 4869 1299 4824 1292 4824 1286 4824 1197 4856 948 4824 942 4824 936 4824 929 4824 885 4850 885 5002 878 5034 1585 5079 1592 5085 2534 5085 2534 5079 2541 5079 2547 5079 2547 5072 2566 5053 2579 5047 2674 5053 2916 5079 2923 5079 4012 5066 4018 5015 4012 4881 3757 4881 3757 4875 3719 4843 3719 4837 3712 4837 3706 4837 3700 4837 2560 4869 2490 4831 2483 4831"/></Shape>
	    <String CONTENT="c&#x27;eſt à propos de quelque contrarieté de cet¬"
                    HPOS="878"
                    VPOS="4824"
                    WIDTH="3140"
                    HEIGHT="261"></String>
          </TextLine>
          <TextLine ID="tl_24"
                    TAGREFS="LT206"
                    BASELINE="880 5194 1010 5199 1946 5204 2472 5204 3552 5208 3760 5208 4008 5208" 
                    HPOS="872"
                    VPOS="5041"
                    WIDTH="3133"
                    HEIGHT="203">
            <Shape><Polygon POINTS="878 5193 872 5232 3993 5244 4005 5206 3993 5041 878 5041 878 5193"/></Shape>
	    <String CONTENT="te nature, qu&#x27;un Ancien Commentateur de So¬"
                    HPOS="872"
                    VPOS="5041"
                    WIDTH="3133"
                    HEIGHT="203"></String>
          </TextLine>
          <TextLine ID="tl_25"
                    TAGREFS="LT206"
                    BASELINE="886 5446 1340 5397 2056 5392 2354 5396 2618 5397 2798 5437 2996 5353 3328 5398 3474 5402 3712 5396 4020 5410" 
                    HPOS="878"
                    VPOS="5206"
                    WIDTH="3140"
                    HEIGHT="274">
            <Shape><Polygon POINTS="3528 5206 3445 5206 3298 5238 3146 5206 3082 5206 3044 5238 2974 5238 2407 5206 2299 5244 2267 5251 2114 5212 2088 5212 2037 5257 878 5257 885 5480 1401 5429 1827 5467 1846 5467 2037 5422 2120 5454 2541 5422 2783 5454 2808 5454 2935 5410 3133 5448 4012 5435 4018 5403 4005 5232 3579 5232 3547 5206 3528 5206"/></Shape>
	    <String CONTENT="phocle remarque fort bien; * Qu&#x27;il ne faut"
                    HPOS="878"
                    VPOS="5206"
                    WIDTH="3140"
                    HEIGHT="274"></String>
          </TextLine>
          <TextLine ID="tl_26"
                    TAGREFS="LT206"
                    BASELINE="866 5640 1166 5581 1408 5585 1450 5531 1528 5591 2134 5586 2856 5591 3130 5589 3356 5590 3420 5590 3544 5590 3664 5596 4020 5600" 
                    HPOS="853"
                    VPOS="5391"
                    WIDTH="3165"
                    HEIGHT="273">
            <Shape><Polygon POINTS="3470 5397 3407 5403 3362 5403 3203 5435 3171 5435 2929 5391 2916 5391 2821 5435 2795 5429 2770 5435 2706 5416 2642 5403 2636 5397 2598 5442 2585 5442 2369 5397 2356 5397 2260 5442 2095 5397 2076 5397 1916 5448 1910 5448 1808 5403 1789 5403 1624 5448 1579 5410 1579 5403 1413 5403 1343 5448 1089 5422 917 5442 910 5416 853 5442 859 5664 1483 5626 1694 5658 2044 5620 4005 5633 4018 5594 4005 5429 3566 5429 3496 5397 3470 5397"/></Shape>
	    <String CONTENT="point s&#x27;amuſer à chicaner les Poëtes pour"
                    HPOS="853"
                    VPOS="5391"
                    WIDTH="3165"
                    HEIGHT="273"></String>
          </TextLine>
          <TextLine ID="tl_27"
                    TAGREFS="LT206"
                    BASELINE="885 5820 1458 5779 1678 5775 1986 5776 2320 5780 2564 5775 2768 5775 3036 5779 3264 5779 3658 5784 4020 5794" 
                    HPOS="872"
                    VPOS="5588"
                    WIDTH="3146"
                    HEIGHT="286">
            <Shape><Polygon POINTS="3292 5594 3177 5594 3139 5626 3006 5601 2789 5633 2738 5594 2738 5588 2420 5588 2337 5639 2222 5607 1706 5639 1585 5607 1560 5607 1496 5645 1031 5613 872 5664 878 5817 885 5874 987 5823 1260 5823 1509 5849 1694 5817 1745 5855 1764 5855 2057 5843 2057 5836 2063 5836 2082 5811 4005 5817 4018 5792 4005 5613 3521 5620 3349 5594 3292 5594"/></Shape>
	    <String CONTENT="quelques changemens qu&#x27;ils ont pû faire dans"
                    HPOS="872"
                    VPOS="5588"
                    WIDTH="3146"
                    HEIGHT="286"></String>
          </TextLine>
          <TextLine ID="tl_28"
                    TAGREFS="LT206"
                    BASELINE="891 5988 1027 5965 1513 5969 1635 5983 2065 5968 2311 5974 2459 5968 2833 5979 3559 5978 3707 5978 3831 5978 4025 5972" 
                    HPOS="878"
                    VPOS="5785"
                    WIDTH="3146"
                    HEIGHT="274">
            <Shape><Polygon POINTS="1260 5792 1197 5798 1133 5798 942 5817 878 5817 885 5983 891 6053 1006 6014 1108 6053 1120 6053 1127 6059 1127 6053 1139 6053 1241 6014 1490 6014 1541 6053 1611 6046 1751 6014 1853 6053 1859 6053 1866 6059 2292 6059 2292 6053 2305 6053 2362 6014 2496 6053 2808 6014 3012 6014 3025 6021 3056 6053 3076 6053 3343 6014 3923 6053 4024 6008 4024 5970 4005 5823 3763 5823 3668 5785 3642 5785 3642 5792 3604 5830 3445 5830 3439 5823 3362 5785 3337 5785 3298 5817 3254 5792 3241 5792 3012 5823 2967 5792 2948 5792 2783 5823 2585 5785 2572 5785 2483 5823 2445 5785 2254 5785 2057 5823 1974 5785 1948 5785 1948 5792 1910 5830 1751 5830 1662 5785 1643 5785 1490 5823 1452 5792 1452 5785 1324 5785 1260 5792"/></Shape>
	    <String CONTENT="la Fable, mais qu&#x27;il faut s&#x27;attacher à con¬"
                    HPOS="878"
                    VPOS="5785"
                    WIDTH="3146"
                    HEIGHT="274"></String>
          </TextLine>
          <TextLine ID="line_1546617193335_127"
                    TAGREFS="LT207"
                    BASELINE="3595 6543 4038 6547" 
                    HPOS="3585"
                    VPOS="6326"
                    WIDTH="452"
                    HEIGHT="319">
            <Shape><Polygon POINTS="3591 6536 3585 6645 4031 6638 4037 6543 4037 6390 3827 6326 3821 6326 3814 6326 3591 6377 3591 6536"/></Shape>
	    <String CONTENT="ſiderer"
                    HPOS="3585"
                    VPOS="6326"
                    WIDTH="452"
                    HEIGHT="319"></String>
          </TextLine>
        </TextBlock>
        <TextBlock HPOS="875.0"
                   VPOS="6101.0"
                   WIDTH="1294.0"
                   HEIGHT="180.0"
                   ID="eSc_textblock_49730c74"
                   TAGREFS="BT318">
          <Shape><Polygon POINTS="875 6281 875 6101 2169 6101 2169 6281"/></Shape>
          <TextLine ID="tl_29"
                    TAGREFS="LT206"
                    BASELINE="985 6177 1051 6177 1587 6213 2103 6212" 
                    HPOS="974"
                    VPOS="6104"
                    WIDTH="1127"
                    HEIGHT="216">
            <Shape><Polygon POINTS="2063 6104 1999 6104 1936 6104 1872 6104 1808 6104 1745 6104 1681 6104 1617 6104 1553 6104 1490 6104 1426 6104 1362 6104 1299 6104 1235 6104 1171 6104 1108 6104 1044 6104 980 6104 980 6174 974 6256 2088 6320 2101 6205 2095 6104 2063 6104"/></Shape>
	    <String CONTENT="* Sophocl. Electra."
                    HPOS="974"
                    VPOS="6104"
                    WIDTH="1127"
                    HEIGHT="216"></String>
          </TextLine>
        </TextBlock>
      </PrintSpace>
    </Page>
  </Layout>
</alto>
