4267 7925
1076 713 1348 218 TRAGEDIE.

3108 782 254 215 157

858 1849 1671 284 SCENE IV

52 2146 3250 317 PYRRHUS, ANDROMAQUE.

1129 2397 1096 218 CEPHISE.

1188 2694 985 258 PYRRHUS.

878 2919 343 363 M

1261 3070 1863 245 E cherchiez-vous, Madame?

6 3209 2655 251 Un eſpoir ſi charmant me ſeroit-il permis?

885 3401 1591 237 ANDROMAQUE.

13 3520 3078 290 Je paſſois juſqu’aux lieux, où l’on garde mon Fils.

19 3731 2907 224 Puis qu’une fois le jour vous ſouffrez que je yoye

6 3883 3151 277 Le ſeul bien qui me reſte, & d’Hector & de Troye,

6 4061 3012 225 J'allois, Seigneur, pleurer un moment avec luy,

0 4226 2972 271 Je ne l’ay point encore embraſſé d’aujourd’huy.

1149 4391 1017 218 PYRRHUS.

6 4537 3309 284 Ah, Madame! Les Grecs, ſi j’en çroy leurs allar¬

323 4735 330 204 mes,

6 4854 3184 264 Vous donneront bien-toſt d’autres ſujets de larmes.

858 5052 1618 231 ANDROMAQUE.

13 5157 3098 291 Et quelle eſt cette peur dont leur Cœur eſt frappé,

0 5369 3025 231 Seigneur? Quelque Troyen vous eſt-il échappé?

1162 5547 984 218 PYRRHUS.

0 5699 2972 231 Leur haine pour Hector n’eſt pas encore éteinte.

13 5864 1400 238 Ils redoutent ſon Fils.

865 6009 1598 258 ANDROMAQUE.

1400 6194 1777 238 Digne Objet de leur crainte!

13 6346 2913 258 Un Enfant malheureux, qui ne ſçait pas encor

19 6511 3283 337 Que Pyrrhus est ſon Maître, & qu'il eſt Fils d'Hector.
