4267 7665
728 536 249 204 152

1411 485 1853 313 ANDROMAQUE.

734 779 2766 255 Vous attendez le Roy. Parlez, & luy montrez

740 926 2779 287 Contre le Fils d’Hector tous les Grecs conjurez.

728 1073 2670 300 Loin de-leur accorder ce Fils de ſa Maiſtreſſe,

734 1245 2364 275 Leur haine ne fera qu’irriter ſa tendreſſe.

734 1405 2651 300 Plus on les veut broüiller, plus on va les unir.

734 1552 2836 338 Preſſez. Demandez tout, pour ne rien obtenir.

728 1711 504 249 Il vient.

1903 1903 856 236 ORESTE.

1379 2018 2166 287 Hé bien, va donc diſpoſer la Cruelle

728 2197 2772 281 A revoir un Amant qui ne vient que pour elle.

1526 3059 1405 326 SCENE II.

849 3398 2951 415 PYRRHUS, ORESTE, PHOENIX.

1909 3819 818 249 ORESTE.

1028 4062 2881 358 Vant que tous les Grecs vous parlent par ma

709 4094 300 358 A

1315 4266 339 205 voix,

709 4375 2746 351 Souffrez que j'oſe icy me flatter de leur choix,

715 4560 3187 332 Et qu'à vos yeux, Seigneur, je montre quelque joye

709 4713 3078 345 De voir le Fils d’Achille, & le Vainqueur de Troye.

715 4880 3187 325 Ouy. Comme ſes exploits, nous admirons vos

1053 5065 416 230 coups;

702 5161 2894 364 Hector tomba ſous luy; Troye expira ſous vous;

702 5352 2887 326 Et vous avez montré, par une heureuſe audace,

702 5506 2753 319 Que le Fils ſeul d’Achille a pu remplir ſa place.

696 5684 3181 320 Mais ce qu’il n’euſt point fait, la Gréce avec douleur

689 5831 2798 339 Vous voit du Sang Troyen relever le malheur,

696 5991 2593 313 Et vous laiſſant toucher d’une pitié funeſte,

689 6144 2485 384 D'une Guerre ſi longue entretenir le reſte.
