4267 7638
929 649 293 197 154

1694 579 1738 267 ANDROMAQUE

923 833 3159 306 Ouy, Seigneur, lors qu’au pié des murs fumans de

1229 999 439 210 Troye,

917 1101 3152 337 Les Vainqueurs tout ſanglans partagerent leurs

1146 1298 427 229 Proye,

923 1438 2910 274 Le Sort, dont les arreſts furent alors ſuivis,

929 1610 2955 280 Fit tomber en mes mains Andromaque & ſon Fils.

917 1763 2420 254 Hécube, pres d'Ulyſſe, acheva ſa miſere;

923 1928 2694 267 Caſſandre, dans Argos, a ſuivy voſtre Pere.

917 2081 3152 299 Sur eux, ſur leurs Captifs, ay-je étendu mes droits?

917 2246 2623 236 Ay-je enfin diſpoſé du fruit de leurs Exploits?

917 2431 3146 235 On craint, qu’avec Hector Troye un jour ne re¬

1235 2571 408 223 naiſſe:

917 2698 2764 274 Son Fils peut me ravir le jour que je luy laiſſe.

910 2883 3032 280 Seigneur, tant de prudence entraiſne trop de ſoin.

917 3067 2694 236 Je ne ſçay point prévoir les malheurs de ſi loin.

923 3201 2579 255 Je ſonge quelle eſtoit autrefois cette Ville,

917 3354 2611 280 Si ſuperbe en Rampars, en Héros ſi fertile,

923 3526 2382 222 Maiſtreſſe de l'Aſie, & je regarde enfin

917 3678 3037 249 Quel fut le Sort de Troye, & quel eſt ſon Deſtin.

910 3876 3064 223 Je ne voy que des Tours, que la cendre a couvertes,

910 4003 3032 267 Un Fleuve teint de ſang, des Campagnes deſertes,

910 4162 2707 236 Un Enfant dans les fers, & je ne puis ſonger

910 4321 2548 229 Que Troye en cet eſtat aſpire à ſe vanger.

917 4480 2681 249 Ah! ſi du Fils d’Hector la perte eſtoit jurée,

917 4640 2910 261 Pourquoy d'un an entier l'avons-nous différée?

904 4792 2694 236 Dans le ſein de Priam n'a-t'on pû l'immoler?

904 4958 3050 274 Sous tant de Morts, ſous Troye il falloit l'accabler.

910 5117 2841 223 Tout eſtoit juſte alors. La Vieilleſſe & l'Enfance

917 5276 2878 261 En vain ſur leur foibleſſe appuyoient leur defance.

904 5429 2821 261 La Victoire & la Nuit, plus cruelles que nous,

910 5594 3153 274 Nous excitoient au meurtre, & confondoient nos

1120 5779 389 197 coups.

923 5881 2872 305 Mon courroux aux vaincus ne fut que trop ſevere.

923 6072 2567 235 Mais que ma Cruauté ſurvive à ma Colere?

923 6231 2471 331 Que malgré la pitié dont je me ſens ſaiſir,
