4267 7692
834 544 301 173 150

1501 493 1861 282 ANDROMAQUE.

827 756 2471 231 Andromaque trompa l'ingenieux Ulyſſe,

827 903 2920 231 Tandis qu’un autre Enfant arraché de ſes bras,

827 1064 2702 243 Sous le nom de ſon Fils fut conduit au trépas.

840 1217 3086 270 On dit, que peu ſenſible aux charmes d’Hermione,

834 1378 3118 275 Mon Rival porte ailleurs ſon Cœur & ſa Couronne;

834 1538 2566 256 Menelas, ſans le croire, en paroiſt affligé;

834 1705 2919 243 Et ſe plaint d’un Hymen ſi long-temps negligé.

827 1858 2419 244 Parmy les déplaifirs où ſon ame ſe noye,

827 2019 2471 230 Il s’éléve en la mienne une ſecrette joye.

827 2185 2791 231 Je triomphe; & pourtant je me flate d’abord

840 2358 2580 212 Que la ſeule vangeance excite ce tranſport.

840 2506 3189 275 Mais l’Ingrate en mon cœur reprit bien-toſt ſa

1000 2666 366 224 place,

840 2807 2778 256 De mes feux mal éteints je reconnus la trace,

840 2987 2669 243 Je ſentis que ma haine alloit finir ſon cours,

853 3147 2637 224 Ou plutoſt je ſentis que je l’aimois toûjours.

846 3326 2644 218 Ainſi de tous les Grecs je brigue le ſuffrage.

853 3467 3016 244 On m’envoye à Pyrrhus. J’entreprens ce voyage.

827 3628 2791 218 Je viens voir ſi l'on peut arracher de ſes bras

859 3801 2759 224 Cét Enfant, dont la vie allarme tant d’Eſtats.

840 3916 3009 308 Heureux ſi je pouvois dans l’ardeur qui me preſſe,

853 4108 2547 250 Au lieu d’Aſtyanax luy ravir ma Princeſſe!

859 4269 2888 269 Car enfin n’attens pas que mes feux redoublez,

846 4422 3003 270 Des périls les plus grands puiſſent eſtre troublez.

853 4595 3080 270 Puis qu’apres tant d’efforts ma reſiſtance eſt vaine,

846 4749 3080 257 Je me livre en aveugle au tranſport qui m’entraîne,

853 4935 2996 225 J’aime, je viens chercher Hermione en ces lieux,

853 5083 2631 230 La fléchir, l’enlever, ou mourir à ſes yeux.

853 5236 3073 276 Toy qui connois Pyrrhus, que penſes-tu qu’il faſſe?

853 5410 3183 256 Dans ſa Cour, dans ſon cœur, dy-moy ce qui ſe

1000 5563 347 238 paſſe.

866 5711 2598 231 Mon Hermione encor le tient-elle aſſervy?

866 5884 2874 288 Me rendra-t’il Pylade, un Cœur qu’il m’a ravy?

1995 6063 783 212 PYLADE.

859 6204 2638 314 Je vous abuſerois, ſi j’oſois vous promettre
