4267 7683
832 576 269 217 156

1499 544 1819 262 ANDROMAQUE.

826 819 2678 224 Ie puis l’aimer, ſans eſtre Eſclave de ſon Pere.

826 979 2588 218 Et je ſçauray peut-eſtre accorder en ce jour

820 1126 3088 288 Les ſoins de ma grandeur, & ceux de mon amour.

826 1286 2781 250 Vous pouvez cependant voir la Fille d’Helene.

813 1427 2730 269 Du ſang qui vous unit je ſçay l’étroite chaîne.

826 1607 2710 249 Apres cela, Seigneur, je ne vous retiens plus,

826 1760 2973 282 Et vous pourrez aux Grecs annoncer mon refus.

1550 2580 1647 301 SCENE. III.

1146 2887 2582 352 PYRRHUS, PHOENIX.

1915 3233 980 313 PHOENIX.

1153 3457 2819 314 Inſi vous renvoyez aux pieds de ſa Mai¬

807 3457 282 422 A

1441 3681 461 198 ſtreſſe?

1883 3783 1038 276 PYRRHUS.

807 3988 3081 282 On dit qu’il a long-temps bruſlé pour la Princeſſe.

1922 4168 986 204 PHOENIX.

800 4289 2730 282 Mais ſi ce feu, Seigneur, vient à ſe rallumer,

794 4475 2979 243 S’il luy rendoit ſon Cœur, s’il s’en faiſoit aimer!

1915 4641 993 231 PYRRHUS.

800 4776 3185 288 Ah! qu'ils s’aiment, Phœnix, j’y conſens. Qu'elle

1101 4974 372 205 parte.

807 5070 3158 314 Que charmez l'un de l’autre, ils retournent à Sparte.

794 5282 3165 256 Tous nos Ports ſont ouverts & pour elle & pour luy.

794 5448 2896 250 Qu’elle m’épargneroit de contrainte & d’ennuy!

1896 5608 999 237 PHOENIX.

794 5736 858 263 Seigneur....

1902 5915 961 231 PYRRHUS.

1319 6050 2403 301 Une autre fois je t'ouvriray mon Ame,

807 6236 1294 313 Andromaque paroiſt.
