4267 7896
1218 592 1429 223 TRAGEDIE.

3259 646 262 248 155

197 796 2845 230 Dans le ſang d'un Enfant je me baigne à loiſir?

197 973 3161 264 Non, Seigneur. Que les Grecs cherchent quelque

408 1171 823 191 autre Proye,

210 1296 2937 250 Qu'ils pourſuivent ailleurs ce qui reſte de Troye,

204 1473 2291 218 De mes inimitiez le cours eſt achevé,

204 1638 2383 217 L’Epire ſauvera ce que Troye a ſauvé.

1435 1809 823 211 ORESTE.

197 1960 2878 224 Seigneur, vous ſçavez trop, avec quel artifice

204 2145 2304 210 Un faux Aſtyanax fut offert au Suplice

210 2296 2687 217 Où le ſeul Fils d’Hector devoit eſtre conduit.

223 2434 3286 276 Ce n’eſt pas les Troyens, c'eſt Hector qu’on pour¬

526 2625 251 217 ſuit.

210 2770 2693 256 Oüy, les Grecs ſur le Fils perſecutent le Pere.

210 2961 2377 217 Il a par trop de ſang acheté leur colere.

217 3118 2693 231 Ce n’eſt que dans le ſien qu’elle peut expirer,

210 3296 2423 237 Et juſques dans l'Epire il les peut attirer.

204 3454 803 230 Prevenez les.

1488 3572 968 270 PYRRHUS.

895 3757 2107 250 Non, non. J’y conſens avec joye.

204 3928 3035 243 Qu'ils cherchent dans l'Epire une ſeconde Troye.

210 4092 3286 270 Qu'ils confondent leur haine, & ne diſtinguent plus

204 4283 2983 237 Le ſang qui les fit vaincre, & celuy des Vaincus.

204 4441 2706 224 Auſſi bien ce n’eſt pas la premiere injuſtice,

210 4606 2568 217 Dont la Gréce, d’Achille a payé le ſervice.

210 4777 2825 217 Hector en profita, Seigneur, & quelque jour.

204 4954 2752 211 Son Fils en pourroit bien profiter à ſon tour.

1468 5099 836 224 ORESTE.

204 5237 2969 263 Ainſi la Gréce en vous trouve un Enfant rebelle?

1409 5428 941 230 PYRRHUS.

217 5573 3068 276 Et je n’ay dont vaincu que pour dépendre d’elle?

1448 5770 823 211 ORESTE.

210 5902 2740 289 Hermione, Seigneur, arreſtera vos coups;

210 6086 2700 237 Ses yeux s’oppoſeront entre ſon Pere & vous.

1402 6257 961 217 PYRRHUS.

204 6389 3154 408 Hermione, Seigneur, peut m’eſtre toujours chere.
