4267 7849
1164 555 1394 216 TRAGEDIE.

3337 601 249 229 151

301 784 3226 229 Qu'entre vos mains, Seigneur, il voulut la remettre.

307 935 2585 216 Non, que de ſa Conqueſte il paroiſſe flaté.

307 1098 2631 223 Pour la Veuve d’Hector ſes feux ont éclaté.

301 1255 2807 242 Il l'aime. Mais enfin cette Veuve inhumaine

307 1419 2703 248 N'a payé juſqu’icy ſon amour que de haine,

314 1595 2768 229 Et chaque jour encore on luy voit tout tenter,

314 1746 2794 255 Pour flechir ſa Captive, ou pour l'épouvanter.

314 1916 2500 235 Il luy cache ſon Fils, il menaſſe ſa teſte,

320 2079 2873 229 Et fait couler des pleurs, qu’auſſi-toſt il arreſte.

314 2243 2735 216 Hermione elle-meſme a veu plus de cent fois

320 2407 2337 235 Cet Amant irrité revenir ſous ſes loix,

320 2570 3155 242 Et de ſes vœux troublez luy rapportant l’hommage,

307 2734 2939 242 Soupirer à ſes pieds moins d'amour que de rage.

320 2904 2971 255 Ainſi n'attendez pas, que l’on puiſſe aujourd’huy

314 3061 3030 255 Vous répondre d'un Cœur, ſi peu maiſtre de luy.

320 3231 3259 268 Il peut, Seigneur, il peut dans ce deſordre extré¬

471 3427 288 176 me,

333 3538 2585 262 Epouſer ce qu’il hait & perdre ce qu’il aime.

1577 3728 844 216 ORESTE.

320 3846 2880 294 Mais dy-moy, de quel œil Hermione peut voir

314 4048 2794 262 Son hymen differé, ſes charmes ſans pouvoir.

1524 4212 805 235 PYLADE.

314 4349 2886 255 Hermione, Seigneur, au moins en apparance,

320 4539 2867 229 Semble de ſon Amant dédaigner l’inconſtance,

327 4709 2807 255 Et croit que trop heureux de flechir ſa rigueur,

320 4866 2677 229 Il la viendra preſſer de reprendre ſon Cœur.

333 5029 2670 249 Mais je l’ay veuë enfin me confier ſes larmes.

320 5193 2782 242 Elle pleure en ſecret le mépris de ſes charmes.

320 5363 3102 235 Toujours preſte à partir, & demeurant toujours,

327 5533 2709 242 Quelquefois elle appelle Oreſte à ſon ſecours.

1531 5697 838 209 ORESTE.

327 5814 2703 295 Ah! ſi je le croyois, j’irois bien toſt, Pylade,

327 6030 890 288 Me jetter....

1616 6168 838 215 PYLADE.

1001 6305 2317 386 Achevez, Seigneur, voſtre ambaſſade.

2624 6547 321 235 N iij
