4267 7647
695 720 306 254 148

1377 675 1843 268 ANDROMAQUE.

701 1000 3106 153 Preſque aux yeux de l’Epire, écarta nos Vaiſſeaux.

707 1089 2998 198 Combien dans cét exil ay-je ſouffert d’allarmes?

707 1255 3030 204 Combien à vos mal-heurs ay-je donné de larmes?

714 1414 3195 223 Craignant toûjours pour vous quelque nouveau dan¬

816 1593 242 216 ger

701 1707 2577 249 Que ma triſte amitié ne pouvoit partager.

701 1873 2264 229 Sur tout je redoutois cette Mélancolie

695 2032 2927 242 Où j'ay vû ſi long-temps voſtre ame enſevelie.

688 2192 2896 229 Je craignois que le Ciel, par un cruel ſecours,

707 2345 3209 235 Ne vous offriſt la mort, que vous cherchiez toujours.

701 2504 2826 229 Mais je vous voy, Seigneur, & ſi j’oſe le dire,

695 2689 2940 191 Un Deſtin plus heureux vous conduit en Epire.

695 2816 2455 223 Le pompeux appareil qui ſuit ici vos pas,

701 2975 3183 243 N’eſt point d’un Mal-heureux qui cherche le trépas.

1792 3160 867 185 ORESTE.

695 3275 3010 236 Helas! qui peut ſçavoir le Deſtin qui m’ameine?

695 3447 2844 242 L’Amour me fait icy chercher une Inhumaine.

701 3613 3074 223 Mais qui ſçait ce qu’il doit ordonner de mon Sort,

701 3785 2679 216 Et ſi je viens chercher, ou la vie, ou la mort?

1951 3944 804 204 PYLADE.

701 4052 3119 319 Quoy! voſtre ame à l’Amour, en Eſclave aſſervie,

688 4269 2379 204 Se repoſe ſur luy du ſoin de voſtre vie?

707 4365 3196 312 Par quels charmes, apres tant de tourmens ſouf¬

848 4607 344 210 ferts,

707 4709 2584 242 Peut-il vous inviter à rentrer dans ſes fers?

701 4913 2902 197 Penſez-vous qu’Hermione, à Sparte inéxorable,

701 5053 2902 210 Vous prépare en Epire un Sort plus favorable?

695 5219 2902 216 Houteux d’avoir pouſſé tant de vœux ſuperflus,

701 5365 3196 223 Vous l’abhorriez. Enfin, vous ne m’en parliez plus.

688 5531 1850 248 Vous me trompiez, Seigneur.

1887 5697 830 203 ORESTE.

2079 5805 1798 261 Je me trompois moy-meſme.

701 5990 2998 229 Amy, n’accable point un Mal-heureux qui t’aime.

688 6174 2909 223 T’ay-je jamais caché mon cœur & mes deſirs?

688 6327 2953 294 Tu vis naiſtre ma flâme & mes premiers ſoûpirs.
