<?xml version="1.0" encoding="UTF-8"?>
<alto xmlns:xsi="http://www.w3.org/2001/XMLSchema-instance"
      xmlns="http://www.loc.gov/standards/alto/ns-v4#"
      xsi:schemaLocation="http://www.loc.gov/standards/alto/ns-v4# http://www.loc.gov/standards/alto/v4/alto-4-2.xsd">
  <Description>
    <MeasurementUnit>pixel</MeasurementUnit>
    <sourceImageInformation>
      <fileName>Racine1676_Oeuvres1_cb31168676r_corrected_0180.png</fileName>
    </sourceImageInformation>
  </Description>
  <Tags>
    <OtherTag ID="BT7" LABEL="CustomZone" DESCRIPTION="block type CustomZone"/><OtherTag ID="BT8" LABEL="DamageZone" DESCRIPTION="block type DamageZone"/><OtherTag ID="BT9" LABEL="DigitizationArtefactZone" DESCRIPTION="block type DigitizationArtefactZone"/><OtherTag ID="BT10" LABEL="DropCapitalZone" DESCRIPTION="block type DropCapitalZone"/><OtherTag ID="BT11" LABEL="GraphicZone" DESCRIPTION="block type GraphicZone"/><OtherTag ID="BT12" LABEL="MainZone" DESCRIPTION="block type MainZone"/><OtherTag ID="BT13" LABEL="MarginTextZone" DESCRIPTION="block type MarginTextZone"/><OtherTag ID="BT14" LABEL="MusicZone" DESCRIPTION="block type MusicZone"/><OtherTag ID="BT15" LABEL="NumberingZone" DESCRIPTION="block type NumberingZone"/><OtherTag ID="BT17" LABEL="QuireMarksZone" DESCRIPTION="block type QuireMarksZone"/><OtherTag ID="BT18" LABEL="RunningTitleZone" DESCRIPTION="block type RunningTitleZone"/><OtherTag ID="BT19" LABEL="SealZone" DESCRIPTION="block type SealZone"/><OtherTag ID="BT20" LABEL="StampZone" DESCRIPTION="block type StampZone"/><OtherTag ID="BT21" LABEL="TableZone" DESCRIPTION="block type TableZone"/><OtherTag ID="BT22" LABEL="TitlePageZone" DESCRIPTION="block type TitlePageZone"/><OtherTag ID="BT313" LABEL="Title" DESCRIPTION="block type Title"/><OtherTag ID="BT314" LABEL="Stamp" DESCRIPTION="block type Stamp"/><OtherTag ID="BT315" LABEL="Decoration" DESCRIPTION="block type Decoration"/><OtherTag ID="BT316" LABEL="Numbering" DESCRIPTION="block type Numbering"/><OtherTag ID="BT317" LABEL="Main" DESCRIPTION="block type Main"/><OtherTag ID="BT318" LABEL="Margin" DESCRIPTION="block type Margin"/><OtherTag ID="BT319" LABEL="Signatures" DESCRIPTION="block type Signatures"/><OtherTag ID="BT320" LABEL="RunningTitle" DESCRIPTION="block type RunningTitle"/><OtherTag ID="BT321" LABEL="DropCapital" DESCRIPTION="block type DropCapital"/>
    <OtherTag ID="LT7" LABEL="CustomLine" DESCRIPTION="line type CustomLine"/><OtherTag ID="LT8" LABEL="DefaultLine" DESCRIPTION="line type DefaultLine"/><OtherTag ID="LT9" LABEL="DropCapitalLine" DESCRIPTION="line type DropCapitalLine"/><OtherTag ID="LT10" LABEL="HeadingLine" DESCRIPTION="line type HeadingLine"/><OtherTag ID="LT11" LABEL="InterlinearLine" DESCRIPTION="line type InterlinearLine"/><OtherTag ID="LT12" LABEL="MusicLine" DESCRIPTION="line type MusicLine"/><OtherTag ID="LT206" LABEL="Default" DESCRIPTION="line type Default"/><OtherTag ID="LT207" LABEL="Rubric" DESCRIPTION="line type Rubric"/>
  </Tags>
  <Layout>
    <Page WIDTH="4267"
          HEIGHT="7774"
          PHYSICAL_IMG_NR="15"
          ID="eSc_dummypage_">
      <PrintSpace HPOS="0"
                  VPOS="0"
                  WIDTH="4267"
                  HEIGHT="7774">
        <TextBlock HPOS="743.0"
                   VPOS="719.0"
                   WIDTH="348.0"
                   HEIGHT="216.0"
                   ID="eSc_textblock_2541ead4"
                   TAGREFS="BT316">
          <Shape><Polygon POINTS="743 719 743 935 1091 935 1091 719"/></Shape>
          <TextLine ID="tl_1"
                    TAGREFS="LT206"
                    BASELINE="754 849 1016 854 1055 854" 
                    HPOS="752"
                    VPOS="719"
                    WIDTH="298"
                    HEIGHT="226">
            <Shape><Polygon POINTS="1011 719 946 719 881 719 817 719 752 719 752 848 752 900 830 945 836 945 843 945 1050 900 1050 848 1044 719 1011 719"/></Shape>
	    <String CONTENT="158"
                    HPOS="752"
                    VPOS="719"
                    WIDTH="298"
                    HEIGHT="226"></String>
          </TextLine>
        </TextBlock>
        <TextBlock HPOS="1522.0"
                   VPOS="707.0"
                   WIDTH="1858.0"
                   HEIGHT="204.0"
                   ID="eSc_textblock_5529999e"
                   TAGREFS="BT320">
          <Shape><Polygon POINTS="1522 707 1522 911 3380 911 3380 707"/></Shape>
          <TextLine ID="eSc_line_62b7bff3"
                    TAGREFS="LT206"
                    BASELINE="1534 852 3316 847" 
                    HPOS="1523"
                    VPOS="712"
                    WIDTH="1790"
                    HEIGHT="214">
            <Shape><Polygon POINTS="3080 712 2911 712 2905 719 2892 712 2639 712 2613 732 2580 712 2379 712 2334 719 2308 712 2204 712 2185 732 2152 712 2055 712 2036 732 1776 712 1523 712 1530 881 1770 926 1783 926 1874 881 1913 881 2224 926 2652 887 3209 926 3313 881 3313 842 3300 738 3138 712 3080 712"/></Shape>
	    <String CONTENT="ANDROMAQUE"
                    HPOS="1523"
                    VPOS="712"
                    WIDTH="1790"
                    HEIGHT="214"></String>
          </TextLine>
        </TextBlock>
        <TextBlock HPOS="683.0"
                   VPOS="935.0"
                   WIDTH="3428.0"
                   HEIGHT="5754.0"
                   ID="eSc_textblock_21011345"
                   TAGREFS="BT317">
          <Shape><Polygon POINTS="683 935 767 6689 4111 6617 4111 947"/></Shape>
          <TextLine ID="tl_2"
                    TAGREFS="LT206"
                    BASELINE="1923 1075 2001 1075 2137 1074 2412 1079 2547 1070 2716 1079 2882 1090" 
                    HPOS="1913"
                    VPOS="939"
                    WIDTH="966"
                    HEIGHT="175">
            <Shape><Polygon POINTS="2827 945 2762 945 2697 945 2632 945 2567 945 2503 945 2438 945 2373 939 2308 939 2243 939 2178 939 2114 939 2049 939 1984 939 1919 939 1919 1068 1913 1107 2866 1114 2879 1088 2872 945 2827 945"/></Shape>
	    <String CONTENT="PYRRHUS."
                    HPOS="1913"
                    VPOS="939"
                    WIDTH="966"
                    HEIGHT="175"></String>
          </TextLine>
          <TextLine ID="tl_3"
                    TAGREFS="LT206"
                    BASELINE="764 1247 972 1237 1288 1237 1440 1233 1565 1258 1824 1232 2004 1231 2376 1231 3131 1236 3429 1236 3883 1271" 
                    HPOS="752"
                    VPOS="1030"
                    WIDTH="3125"
                    HEIGHT="278">
            <Shape><Polygon POINTS="2827 1088 2697 1075 2081 1075 1913 1081 1887 1055 1880 1055 1880 1049 1854 1049 1815 1055 1718 1081 1504 1030 1485 1030 1348 1062 1303 1030 758 1049 758 1243 752 1269 1692 1256 1925 1289 1990 1289 2418 1263 2600 1295 2678 1295 3132 1269 3151 1295 3158 1295 3158 1302 3171 1302 3177 1308 3871 1308 3877 1269 3871 1068 3625 1049 3566 1062 3456 1094 3313 1062 3255 1055 3151 1094 2833 1068 2827 1088"/></Shape>
	    <String CONTENT="Tel qu’il eſt, tous les Grecs demandent qu’il periſſe."
                    HPOS="752"
                    VPOS="1030"
                    WIDTH="3125"
                    HEIGHT="278"></String>
          </TextLine>
          <TextLine ID="tl_4"
                    TAGREFS="LT206"
                    BASELINE="769 1404 918 1404 1161 1398 1889 1394 2148 1398 2491 1394 2694 1399 2922 1399 3170 1404 3712 1418" 
                    HPOS="758"
                    VPOS="1237"
                    WIDTH="2951"
                    HEIGHT="233">
            <Shape><Polygon POINTS="3618 1250 3560 1243 3391 1269 3385 1269 3372 1269 2691 1237 2645 1237 2580 1237 2522 1237 2418 1263 2412 1263 2373 1237 2321 1237 2295 1237 2114 1263 2068 1263 1951 1256 1731 1243 1673 1250 1608 1256 1543 1256 1478 1243 1452 1237 1433 1250 1426 1256 1420 1250 1400 1237 1348 1237 1283 1237 1219 1237 1154 1237 1089 1237 1057 1237 765 1243 765 1399 758 1451 2477 1438 3696 1470 3709 1412 3709 1276 3657 1250 3618 1250"/></Shape>
	    <String CONTENT="Le Fils d’Agamemnon vient haſter ſon ſupplice."
                    HPOS="758"
                    VPOS="1237"
                    WIDTH="2951"
                    HEIGHT="233"></String>
          </TextLine>
          <TextLine ID="tl_5"
                    TAGREFS="LT206"
                    BASELINE="1584 1561 3101 1580" 
                    HPOS="1575"
                    VPOS="1399"
                    WIDTH="1524"
                    HEIGHT="220">
            <Shape><Polygon POINTS="1582 1554 1575 1580 3086 1619 3099 1574 3093 1418 1582 1399 1582 1554"/></Shape>
	    <String CONTENT="ANDROMAQUE."
                    HPOS="1575"
                    VPOS="1399"
                    WIDTH="1524"
                    HEIGHT="220"></String>
          </TextLine>
          <TextLine ID="tl_6"
                    TAGREFS="LT206"
                    BASELINE="775 1732 918 1728 1237 1718 2071 1719 2290 1723 2726 1719 2846 1728 3180 1728 3246 1731" 
                    HPOS="765"
                    VPOS="1548"
                    WIDTH="2477"
                    HEIGHT="227">
            <Shape><Polygon POINTS="2970 1574 2905 1574 2840 1574 2775 1574 2710 1574 2645 1574 2580 1567 2567 1567 2477 1580 2457 1567 2451 1567 2386 1567 2321 1567 2256 1567 2198 1567 2068 1580 765 1574 771 1729 771 1775 3235 1755 3242 1729 3222 1548 3080 1580 3015 1574 2970 1574"/></Shape>
	    <String CONTENT="Et vous prononcerez un Arreſt ſi cruel?"
                    HPOS="765"
                    VPOS="1548"
                    WIDTH="2477"
                    HEIGHT="227"></String>
          </TextLine>
          <TextLine ID="tl_7"
                    TAGREFS="LT206"
                    BASELINE="774 1890 1157 1884 1500 1880 2010 1879 2233 1884 2401 1881 2725 1885 3277 1889 3349 1885" 
                    HPOS="765"
                    VPOS="1723"
                    WIDTH="2581"
                    HEIGHT="194">
            <Shape><Polygon POINTS="894 1729 830 1729 771 1729 771 1885 765 1917 3339 1917 3346 1878 3333 1736 946 1723 894 1729"/></Shape>
	    <String CONTENT="Eſt-ce mon intereſt qui le rend criminel?"
                    HPOS="765"
                    VPOS="1723"
                    WIDTH="2581"
                    HEIGHT="194"></String>
          </TextLine>
          <TextLine ID="tl_8"
                    TAGREFS="LT206"
                    BASELINE="775 2052 1126 2047 1428 2051 1612 2046 2038 2047 2426 2042 2736 2046 3156 2052 3382 2043 3732 2046 4012 2077" 
                    HPOS="765"
                    VPOS="1885"
                    WIDTH="3242"
                    HEIGHT="239">
            <Shape><Polygon POINTS="1809 1885 771 1885 771 2047 765 2092 1465 2073 1621 2105 1666 2111 1932 2079 2230 2111 2353 2079 2418 2111 2451 2118 2457 2124 2859 2124 2859 2118 2885 2111 2937 2086 3034 2111 3067 2118 3086 2118 3197 2079 3456 2124 3475 2124 3540 2086 3994 2111 4007 2073 4001 1898 1809 1885"/></Shape>
	    <String CONTENT="Helas! on ne craint point qu&#x27;il vange un jour ſon"
                    HPOS="765"
                    VPOS="1885"
                    WIDTH="3242"
                    HEIGHT="239"></String>
          </TextLine>
          <TextLine ID="tl_9"
                    TAGREFS="LT206"
                    BASELINE="916 2210 1231 2224" 
                    HPOS="907"
                    VPOS="2047"
                    WIDTH="318"
                    HEIGHT="233">
            <Shape><Polygon POINTS="914 2209 907 2280 1219 2254 1225 2222 1225 2060 914 2047 914 2209"/></Shape>
	    <String CONTENT="Pere."
                    HPOS="907"
                    VPOS="2047"
                    WIDTH="318"
                    HEIGHT="233"></String>
          </TextLine>
          <TextLine ID="tl_10"
                    TAGREFS="LT206"
                    BASELINE="755 2355 765 2355 988 2372 1404 2365 1702 2371 2320 2371 2524 2366 2994 2365 3170 2366 3322 2371 3726 2386" 
                    HPOS="745"
                    VPOS="2163"
                    WIDTH="2977"
                    HEIGHT="272">
            <Shape><Polygon POINTS="1199 2222 1134 2222 1076 2222 1011 2215 946 2215 940 2209 752 2215 752 2351 745 2403 3709 2435 3722 2384 3715 2241 3404 2176 3398 2176 3391 2176 3385 2176 3320 2215 3229 2176 3222 2176 3216 2176 2691 2228 2574 2183 2567 2183 2561 2183 2555 2183 2470 2222 2256 2196 2250 2196 2243 2196 2139 2228 2042 2163 2036 2163 2029 2163 2023 2163 1206 2196 1199 2222"/></Shape>
	    <String CONTENT="On craint qu’il n’eſſuyaſt les larmes de ſa Mere."
                    HPOS="745"
                    VPOS="2163"
                    WIDTH="2977"
                    HEIGHT="272"></String>
          </TextLine>
          <TextLine ID="tl_11"
                    TAGREFS="LT206"
                    BASELINE="790 2532 889 2532 1471 2528 1767 2529 2037 2533 2143 2536 2335 2537 2709 2563 2891 2528 3195 2528 3681 2547" 
                    HPOS="778"
                    VPOS="2371"
                    WIDTH="2898"
                    HEIGHT="233">
            <Shape><Polygon POINTS="2580 2371 2574 2371 784 2371 784 2526 778 2571 3171 2571 3663 2604 3676 2545 3676 2422 3605 2384 3599 2384 2944 2377 2937 2377 2931 2377 2924 2377 2924 2384 2898 2409 2820 2377 2814 2377 2807 2377 2801 2377 2697 2403 2684 2409 2671 2403 2587 2371 2580 2371"/></Shape>
	    <String CONTENT="Il m’auroit tenu lieu d&#x27;un Pere, &amp; d&#x27;un Epoux."
                    HPOS="778"
                    VPOS="2371"
                    WIDTH="2898"
                    HEIGHT="233"></String>
          </TextLine>
          <TextLine ID="tl_12"
                    TAGREFS="LT206"
                    BASELINE="797 2697 1094 2695 1232 2694 1494 2694 1794 2694 2128 2698 2582 2696 2690 2725 2926 2690 3516 2690 3778 2700 4016 2715" 
                    HPOS="784"
                    VPOS="2533"
                    WIDTH="3230"
                    HEIGHT="239">
            <Shape><Polygon POINTS="3637 2545 3573 2545 3540 2539 2775 2545 2730 2558 2535 2552 2522 2545 1660 2558 1485 2533 1413 2533 1348 2558 1303 2533 1264 2533 1232 2558 933 2533 791 2533 791 2694 784 2753 1044 2759 1134 2720 1238 2759 1322 2759 1841 2727 1880 2759 1880 2766 1900 2766 2081 2733 2211 2766 2224 2766 2593 2727 2639 2766 2671 2766 2671 2759 2704 2727 2983 2727 3242 2766 3281 2766 3281 2759 3320 2727 3462 2727 3514 2766 3527 2766 3534 2772 4007 2772 4014 2714 4007 2539 3637 2539 3637 2545"/></Shape>
	    <String CONTENT="Mais il me faut tout perdre, &amp; toûjours par vos"
                    HPOS="784"
                    VPOS="2533"
                    WIDTH="3230"
                    HEIGHT="239"></String>
          </TextLine>
          <TextLine ID="tl_13"
                    TAGREFS="LT206"
                    BASELINE="942 2861 1329 2877" 
                    HPOS="933"
                    VPOS="2707"
                    WIDTH="389"
                    HEIGHT="247">
            <Shape><Polygon POINTS="940 2856 933 2915 1309 2954 1322 2876 1322 2740 940 2707 940 2856"/></Shape>
	    <String CONTENT="coups."
                    HPOS="933"
                    VPOS="2707"
                    WIDTH="389"
                    HEIGHT="247"></String>
          </TextLine>
          <TextLine ID="tl_14"
                    TAGREFS="LT206"
                    BASELINE="1991 3027 2948 3029" 
                    HPOS="1990"
                    VPOS="2856"
                    WIDTH="954"
                    HEIGHT="221">
            <Shape><Polygon POINTS="1990 3025 1990 3077 2944 3077 2944 3025 2937 2856 1990 2856 1990 3025"/></Shape>
	    <String CONTENT="PYRRHUS."
                    HPOS="1990"
                    VPOS="2856"
                    WIDTH="954"
                    HEIGHT="221"></String>
          </TextLine>
          <TextLine ID="tl_15"
                    TAGREFS="LT206"
                    BASELINE="807 3192 1413 3217 1699 3185 2007 3179 2259 3179 2791 3174 3029 3169 3535 3195" 
                    HPOS="797"
                    VPOS="2986"
                    WIDTH="2737"
                    HEIGHT="240">
            <Shape><Polygon POINTS="2937 3031 2872 3031 2807 3031 2749 3031 2710 3038 2704 3038 2665 3031 2613 3031 2548 3031 2483 3031 2418 3031 2353 3031 2289 3031 2224 3031 2159 3031 2094 3031 2029 3031 2023 3018 1802 3025 1763 2992 1763 2986 1757 2986 1750 2986 1744 2986 1530 3025 1069 2992 1063 2992 804 3018 804 3187 797 3226 3527 3213 3534 3193 3534 3051 2976 2999 2970 2999 2937 2999 2937 3031"/></Shape>
	    <String CONTENT="Madame, mes refus ont prévenu vos larmes."
                    HPOS="797"
                    VPOS="2986"
                    WIDTH="2737"
                    HEIGHT="240"></String>
          </TextLine>
          <TextLine ID="tl_16"
                    TAGREFS="LT206"
                    BASELINE="805 3358 1110 3349 1308 3347 1698 3347 2114 3342 2410 3343 2918 3331 3116 3332 3448 3326 3946 3377" 
                    HPOS="797"
                    VPOS="3174"
                    WIDTH="3145"
                    HEIGHT="240">
            <Shape><Polygon POINTS="3527 3193 3462 3193 3443 3187 3391 3206 3352 3187 3268 3180 3203 3180 3138 3174 2781 3174 2781 3180 2743 3206 2645 3180 2606 3174 2341 3206 2243 3174 2230 3180 2165 3180 2133 3200 2107 3180 1997 3180 1964 3200 1932 3180 1828 3180 1822 3187 1789 3200 1556 3193 1517 3206 1452 3213 1258 3213 1193 3206 998 3200 940 3193 804 3193 804 3355 797 3375 1880 3368 2295 3401 2353 3401 2418 3368 2535 3401 2555 3401 2684 3368 3929 3414 3942 3375 3936 3174 3625 3206 3540 3174 3527 3174 3527 3193"/></Shape>
	    <String CONTENT="Tous les Grecs m’ont déja menacé de leurs Armes,"
                    HPOS="797"
                    VPOS="3174"
                    WIDTH="3145"
                    HEIGHT="240"></String>
          </TextLine>
          <TextLine ID="tl_17"
                    TAGREFS="LT206"
                    BASELINE="804 3516 1105 3509 1799 3508 2235 3504 2305 3539 2487 3504 3089 3494 3281 3493 3637 3495 3723 3530" 
                    HPOS="791"
                    VPOS="3355"
                    WIDTH="2931"
                    HEIGHT="195">
            <Shape><Polygon POINTS="3689 3355 920 3355 855 3355 791 3355 797 3511 797 3550 3715 3550 3722 3524 3715 3355 3689 3355"/></Shape>
	    <String CONTENT="Mais deuſſent-ils encore, en repaſſant les Eaux,"
                    HPOS="791"
                    VPOS="3355"
                    WIDTH="2931"
                    HEIGHT="195"></String>
          </TextLine>
          <TextLine ID="tl_18"
                    TAGREFS="LT206"
                    BASELINE="809 3676 1476 3670 1894 3670 2240 3702 2544 3666 2898 3660 3500 3656 3590 3661" 
                    HPOS="797"
                    VPOS="3511"
                    WIDTH="2789"
                    HEIGHT="220">
            <Shape><Polygon POINTS="2353 3530 2289 3537 2256 3517 797 3511 804 3673 804 3731 3579 3686 3586 3660 3579 3530 2392 3517 2353 3530"/></Shape>
	    <String CONTENT="Demander voſtre Fils, avec mille Vaiſſeaux:"
                    HPOS="797"
                    VPOS="3511"
                    WIDTH="2789"
                    HEIGHT="220"></String>
          </TextLine>
          <TextLine ID="tl_19"
                    TAGREFS="LT206"
                    BASELINE="810 3848 1475 3838 1743 3833 2163 3878 2835 3828 2937 3823 3155 3818 3773 3854" 
                    HPOS="797"
                    VPOS="3686"
                    WIDTH="2970"
                    HEIGHT="201">
            <Shape><Polygon POINTS="2289 3692 2224 3699 2159 3692 2120 3686 797 3686 804 3841 804 3874 3754 3887 3767 3848 3761 3692 2315 3686 2289 3692"/></Shape>
	    <String CONTENT="Couſtaſt-il tout le ſang qu’Helene a fait répandre,"
                    HPOS="797"
                    VPOS="3686"
                    WIDTH="2970"
                    HEIGHT="201"></String>
          </TextLine>
          <TextLine ID="tl_20"
                    TAGREFS="LT206"
                    BASELINE="809 4010 1520 4000 1886 3996 2128 3994 2386 3991 2696 3991 3064 3985 3500 3984 3722 3985 4026 3984" 
                    HPOS="797"
                    VPOS="3822"
                    WIDTH="3223"
                    HEIGHT="233">
            <Shape><Polygon POINTS="3715 3848 3650 3848 3586 3841 3521 3841 3391 3828 3326 3828 3274 3822 2905 3848 2885 3848 2853 3828 2807 3828 2736 3835 2665 3854 2580 3841 2548 3848 2483 3854 2418 3854 2224 3874 2094 3874 2029 3861 1906 3848 1828 3861 1627 3835 1536 3835 1348 3867 1199 3841 1063 3841 797 3854 804 4055 4020 4023 4020 3977 4007 3848 3715 3828 3715 3848"/></Shape>
	    <String CONTENT="Deuſſay-je apres dix ans voir mon Palais en cen¬"
                    HPOS="797"
                    VPOS="3822"
                    WIDTH="3223"
                    HEIGHT="233"></String>
          </TextLine>
          <TextLine ID="tl_21"
                    TAGREFS="LT206"
                    BASELINE="982 4167 1177 4166 1257 4198" 
                    HPOS="972"
                    VPOS="4003"
                    WIDTH="279"
                    HEIGHT="207">
            <Shape><Polygon POINTS="985 4003 979 4165 972 4204 1238 4210 1251 4197 1251 4042 1011 4003 985 4003"/></Shape>
	    <String CONTENT="dre,"
                    HPOS="972"
                    VPOS="4003"
                    WIDTH="279"
                    HEIGHT="207"></String>
          </TextLine>
          <TextLine ID="tl_22"
                    TAGREFS="LT206"
                    BASELINE="815 4374 948 4334 1136 4325 1632 4323 2056 4359 2218 4324 2498 4318 2614 4317 2852 4314 3378 4338" 
                    HPOS="810"
                    VPOS="4126"
                    WIDTH="2562"
                    HEIGHT="259">
            <Shape><Polygon POINTS="1193 4178 1128 4172 1063 4172 998 4172 992 4152 810 4152 810 4372 823 4372 2120 4385 2127 4385 2133 4385 2152 4379 2250 4346 3359 4379 3372 4334 3365 4146 3112 4172 2736 4146 2555 4133 2548 4133 2542 4133 2496 4146 2341 4185 2217 4185 2172 4146 2152 4126 2146 4126 2139 4126 2133 4126 2127 4126 2075 4146 1984 4178 1770 4178 1750 4146 1737 4133 1731 4133 1731 4126 1724 4126 1718 4126 1711 4126 1705 4126 1660 4146 1614 4165 1199 4152 1193 4178"/></Shape>
	    <String CONTENT="Je ne balance point, je vole à ſon ſecours,"
                    HPOS="810"
                    VPOS="4126"
                    WIDTH="2562"
                    HEIGHT="259"></String>
          </TextLine>
          <TextLine ID="tl_23"
                    TAGREFS="LT206"
                    BASELINE="810 4536 953 4490 1611 4532 1767 4487 1997 4491 2235 4482 2719 4477 2913 4472 3207 4470 3621 4491" 
                    HPOS="804"
                    VPOS="4314"
                    WIDTH="2814"
                    HEIGHT="227">
            <Shape><Polygon POINTS="3313 4334 3281 4334 2924 4346 2801 4314 2794 4314 2736 4314 2671 4314 2606 4321 2542 4321 2477 4321 2412 4321 2347 4321 2282 4321 2237 4366 2146 4366 1984 4366 1977 4359 1958 4346 1958 4346 1893 4346 1841 4340 1822 4353 1459 4353 1433 4327 1381 4327 1316 4327 1309 4327 1232 4346 1167 4327 1121 4327 1057 4327 1018 4327 998 4346 894 4346 862 4359 804 4372 804 4534 830 4541 3612 4541 3618 4489 3618 4379 3475 4327 3469 4327 3462 4327 3313 4327 3313 4334"/></Shape>
	    <String CONTENT="Je defendray ſa vie aux deſpens de mes jours."
                    HPOS="804"
                    VPOS="4314"
                    WIDTH="2814"
                    HEIGHT="227"></String>
          </TextLine>
          <TextLine ID="tl_24"
                    TAGREFS="LT206"
                    BASELINE="825 4658 1552 4694 1774 4649 2124 4648 2200 4684 2400 4647 2554 4648 2938 4637 3268 4633 3580 4627 4030 4692" 
                    HPOS="817"
                    VPOS="4470"
                    WIDTH="3210"
                    HEIGHT="278">
            <Shape><Polygon POINTS="3391 4476 3385 4476 3281 4515 3209 4470 3190 4470 3015 4508 2885 4470 2879 4476 2749 4476 2490 4521 2412 4483 2295 4483 2243 4515 2107 4483 2049 4489 1958 4489 1925 4508 1887 4489 1789 4489 1724 4495 1666 4515 1601 4528 1536 4528 1472 4521 1277 4515 1147 4502 1082 4502 1018 4495 953 4495 888 4508 823 4528 823 4657 817 4690 1893 4716 2049 4683 2217 4722 2237 4722 2341 4683 2418 4722 2438 4729 2464 4729 2470 4722 2567 4670 2866 4670 2944 4722 2970 4722 3054 4683 3910 4696 4007 4748 4027 4690 4027 4547 3949 4489 3780 4483 3586 4508 3391 4476"/></Shape>
	    <String CONTENT="Mais parmy ces perils, où je cours pour vous plaire,"
                    HPOS="817"
                    VPOS="4470"
                    WIDTH="3210"
                    HEIGHT="278"></String>
          </TextLine>
          <TextLine ID="tl_25"
                    TAGREFS="LT206"
                    BASELINE="830 4824 1039 4815 1935 4814 2143 4810 2583 4810 3003 4799 3399 4794 3489 4800" 
                    HPOS="817"
                    VPOS="4644"
                    WIDTH="2671"
                    HEIGHT="221">
            <Shape><Polygon POINTS="2308 4664 2243 4677 2178 4683 2133 4657 1679 4664 1660 4670 1595 4683 1530 4690 1465 4690 1400 4690 1335 4683 1271 4683 1206 4677 1141 4677 1102 4670 817 4670 823 4819 823 4865 3482 4845 3488 4793 3475 4644 2334 4657 2308 4664"/></Shape>
	    <String CONTENT="Me refuſerez-vous un regard moins ſevere?"
                    HPOS="817"
                    VPOS="4644"
                    WIDTH="2671"
                    HEIGHT="221"></String>
          </TextLine>
          <TextLine ID="tl_26"
                    TAGREFS="LT206"
                    BASELINE="829 4982 1070 4981 1246 4982 1516 4976 1698 4977 2148 5008 2544 4972 2714 4971 3034 4957 3514 4986" 
                    HPOS="817"
                    VPOS="4806"
                    WIDTH="2691"
                    HEIGHT="208">
            <Shape><Polygon POINTS="2567 4813 2503 4813 2438 4813 2373 4813 2308 4813 2243 4813 2178 4813 2114 4813 2049 4813 1984 4813 1925 4819 1861 4819 1796 4819 1731 4819 1666 4819 1601 4819 1536 4819 1472 4819 1407 4819 1342 4819 1277 4819 1212 4819 1147 4819 1082 4819 1018 4819 953 4819 888 4819 823 4819 823 4981 817 5014 3501 5007 3508 4981 3501 4813 2587 4806 2567 4813"/></Shape>
	    <String CONTENT="Haï de tous les Grecs, preſſé de tous coſtez,"
                    HPOS="817"
                    VPOS="4806"
                    WIDTH="2691"
                    HEIGHT="208"></String>
          </TextLine>
          <TextLine ID="tl_27"
                    TAGREFS="LT206"
                    BASELINE="830 5148 1045 5143 1677 5143 2325 5139 2701 5129 2963 5123 3581 5119" 
                    HPOS="817"
                    VPOS="4975"
                    WIDTH="2762"
                    HEIGHT="214">
            <Shape><Polygon POINTS="3475 4981 3411 4981 3346 4975 3281 4975 2697 4975 2632 4975 2567 4975 2503 4975 2438 4981 2373 4988 2308 4994 2243 5001 2178 5007 2114 5007 2049 5001 1984 5001 1919 4994 1854 4988 1789 4988 1724 4981 1660 4981 1595 4981 1530 4981 1465 4981 1400 4981 1335 4981 1271 4981 1206 4981 1141 4981 1076 4981 1011 4981 946 4981 881 4981 817 4981 823 5143 823 5189 3573 5150 3579 5117 3573 4975 3475 4975 3475 4981"/></Shape>
	    <String CONTENT="Me faudra-t’il combattre encor vos cruautez?"
                    HPOS="817"
                    VPOS="4975"
                    WIDTH="2762"
                    HEIGHT="214"></String>
          </TextLine>
          <TextLine ID="tl_28"
                    TAGREFS="LT206"
                    BASELINE="819 5352 958 5306 1268 5306 1618 5302 1934 5302 2284 5319 2816 5296 3296 5285 3764 5286" 
                    HPOS="810"
                    VPOS="5104"
                    WIDTH="2951"
                    HEIGHT="266">
            <Shape><Polygon POINTS="3527 5124 3456 5124 3171 5143 3034 5124 2918 5124 2879 5150 2632 5130 2509 5130 2483 5156 2308 5137 2295 5143 2120 5143 2101 5163 2042 5143 1913 5143 1835 5169 1322 5143 1238 5143 1134 5182 810 5156 817 5370 1517 5338 1757 5364 1822 5364 1997 5331 2490 5351 2587 5351 2645 5318 3754 5325 3761 5279 3748 5104 3527 5117 3527 5124"/></Shape>
	    <String CONTENT="Je vous offre mon bras. Puis-je eſperer encore"
                    HPOS="810"
                    VPOS="5104"
                    WIDTH="2951"
                    HEIGHT="266"></String>
          </TextLine>
          <TextLine ID="tl_29"
                    TAGREFS="LT206"
                    BASELINE="840 5510 1109 5469 1413 5463 2077 5463 2305 5463 2655 5457 2891 5454 3217 5448 3627 5439 3707 5446" 
                    HPOS="830"
                    VPOS="5286"
                    WIDTH="2872"
                    HEIGHT="227">
            <Shape><Polygon POINTS="3553 5286 3488 5286 3423 5286 3359 5286 3300 5286 3158 5305 3125 5305 3099 5305 2957 5292 2905 5292 2840 5292 2781 5292 2769 5312 2762 5318 2114 5325 2088 5318 2055 5305 1997 5305 1932 5305 1880 5305 1776 5325 1731 5338 843 5338 830 5351 836 5506 855 5513 3702 5461 3702 5441 3696 5299 3599 5286 3553 5286"/></Shape>
	    <String CONTENT="Que vous accepterez un cœur qui vous adore?"
                    HPOS="830"
                    VPOS="5286"
                    WIDTH="2872"
                    HEIGHT="227"></String>
          </TextLine>
          <TextLine ID="tl_30"
                    TAGREFS="LT206"
                    BASELINE="845 5630 1024 5635 1794 5630 2118 5630 2430 5624 2512 5650 2740 5619 2938 5615 3216 5613 3672 5595" 
                    HPOS="836"
                    VPOS="5454"
                    WIDTH="2834"
                    HEIGHT="227">
            <Shape><Polygon POINTS="2775 5454 2710 5454 2645 5461 2580 5461 2548 5461 2509 5487 2334 5461 2328 5461 2282 5461 2191 5493 2159 5467 2133 5467 2068 5467 2049 5467 1828 5493 1783 5467 1750 5467 1744 5467 1718 5500 1368 5467 1355 5467 1342 5467 1335 5467 1329 5467 1322 5467 1212 5506 992 5487 966 5493 901 5500 836 5500 843 5629 843 5681 3663 5623 3670 5590 3657 5454 2840 5454 2775 5454"/></Shape>
	    <String CONTENT="En combattant pour vous, me ſera-t&#x27;il permis"
                    HPOS="836"
                    VPOS="5454"
                    WIDTH="2834"
                    HEIGHT="227"></String>
          </TextLine>
          <TextLine ID="tl_31"
                    TAGREFS="LT206"
                    BASELINE="844 5802 1035 5801 1231 5796 1537 5792 1905 5792 2331 5787 2777 5822 3089 5772 3671 5763 3743 5766" 
                    HPOS="836"
                    VPOS="5610"
                    WIDTH="2905"
                    HEIGHT="252">
            <Shape><Polygon POINTS="3164 5616 3099 5616 3041 5616 2976 5616 2911 5616 2846 5616 2781 5616 2717 5623 2652 5629 2587 5642 2522 5649 2457 5636 2392 5629 2328 5629 2263 5629 2198 5629 2133 5629 2068 5636 2003 5636 1938 5636 1874 5636 1809 5636 1744 5636 1679 5636 1614 5636 1549 5636 1485 5636 1420 5636 1355 5636 1290 5636 1225 5636 1160 5636 1095 5636 1031 5636 966 5636 901 5636 836 5629 843 5798 843 5862 3741 5824 3741 5765 3728 5610 3190 5610 3164 5616"/></Shape>
	    <String CONTENT="De ne vous point conter parmy mes Ennemis?"
                    HPOS="836"
                    VPOS="5610"
                    WIDTH="2905"
                    HEIGHT="252"></String>
          </TextLine>
          <TextLine ID="tl_32"
                    TAGREFS="LT206"
                    BASELINE="1696 6061 2589 6060 3257 6055" 
                    HPOS="1686"
                    VPOS="5856"
                    WIDTH="1569"
                    HEIGHT="259">
            <Shape><Polygon POINTS="1692 6057 1692 6102 3242 6115 3255 6050 3235 5856 1686 5882 1692 6057"/></Shape>
	    <String CONTENT="ANDROMAQUE."
                    HPOS="1686"
                    VPOS="5856"
                    WIDTH="1569"
                    HEIGHT="259"></String>
          </TextLine>
          <TextLine ID="tl_33"
                    TAGREFS="LT206"
                    BASELINE="849 6328 1460 6354 1718 6317 2390 6307 2472 6328 2572 6312 2888 6304 3180 6298 3336 6293 3722 6292 3794 6298" 
                    HPOS="836"
                    VPOS="6089"
                    WIDTH="2957"
                    HEIGHT="279">
            <Shape><Polygon POINTS="843 6322 843 6368 3787 6335 3793 6296 3787 6134 3514 6134 3430 6089 3423 6089 3417 6089 3411 6089 3404 6089 3359 6134 2769 6134 2503 6089 2496 6089 2490 6089 2483 6089 2438 6122 2133 6102 2127 6102 2120 6102 2114 6102 2114 6109 2081 6134 2081 6141 1893 6141 1887 6134 1822 6096 1815 6096 1809 6096 1802 6096 1530 6134 1407 6096 1400 6096 1031 6096 1024 6096 1018 6096 1011 6096 972 6128 933 6096 927 6096 920 6096 914 6096 907 6096 836 6128 843 6322"/></Shape>
	    <String CONTENT="Seigneur, que faites-vous, &amp; que dira la Grece?"
                    HPOS="836"
                    VPOS="6089"
                    WIDTH="2957"
                    HEIGHT="279"></String>
          </TextLine>
          <TextLine ID="tl_34"
                    TAGREFS="LT206"
                    BASELINE="851 6490 1237 6490 1631 6486 1753 6485 2173 6484 2543 6474 3029 6465 3321 6461 3509 6470 4041 6464" 
                    HPOS="843"
                    VPOS="6271"
                    WIDTH="3197"
                    HEIGHT="427">
            <Shape><Polygon POINTS="3761 6296 3631 6296 3540 6303 3495 6296 3268 6296 3222 6316 2529 6316 2464 6322 2431 6316 1750 6316 1556 6335 1491 6348 1361 6348 1296 6342 1167 6342 1102 6335 1037 6335 972 6329 843 6329 849 6484 849 6679 1309 6666 1407 6698 1433 6698 1433 6692 1446 6685 1465 6666 1478 6685 1491 6692 1491 6698 1510 6698 1867 6666 2107 6685 2276 6692 2289 6679 2341 6640 2399 6679 2418 6679 2658 6633 2730 6666 2756 6666 2807 6633 3190 6633 3242 6672 3242 6679 3281 6679 3423 6646 3599 6679 3663 6679 3871 6620 4027 6672 4040 6458 4020 6271 3761 6283 3761 6296"/></Shape>
	    <String CONTENT="Faut-il qu’un ſi grand cœur montre tant de foibleſſe?"
                    HPOS="843"
                    VPOS="6271"
                    WIDTH="3197"
                    HEIGHT="427"></String>
          </TextLine>
        </TextBlock>
      </PrintSpace>
    </Page>
  </Layout>
</alto>
