4267 7905
1187 685 1424 224 TRAGEDIE.

3264 698 310 270 161

164 915 3225 244 Aux cendres d’un Epoux doit-elle enfin ſa flâme?

164 1060 2737 224 Et quel Epoux encore! Ah ſouvenir cruel!

151 1218 2895 257 Sa mort ſeule a rendu voſtre Pere immortel.

151 1389 3100 271 Il doit au ſang d’Hector tout l’éclat de ſes armes,

151 1554 3350 264 Et vous n’eſtes tous deux connus que par mes lar¬

290 1712 310 277 mes.

1305 1837 996 290 PYRRHUS.

131 2028 3034 264 Hé bien, Madame, hé bien, il faut vous obeïr.

125 2193 2671 264 Il faut vous oublier, ou plûtoſt vous haïr.

125 2358 3357 296 Oüy, mes vœux ont trop loin pouſſé leur violence,

125 2529 2875 257 Pour ne plus s’areſter que dans l'indifference.

118 2681 3278 322 Songez-y bien. Il faut deſormais que mon Cœur,

112 2852 2875 270 S’il n’aime avec tranſport, haïſſe avec fureur.

98 3010 2817 277 Je n’épargneray rien dans ma juſte colere.

98 3181 2843 290 Le Fils me répondra des mépris de la Mere,

92 3353 2644 256 La Gréce le demande, & je ne prétens pas

98 3504 3021 303 Mettre toûjours ma gloire à ſauver des Ingrats.

929 3689 1623 237 ANDROMAQUE.

79 3807 2954 303 Helas! il mourra donc. Il n’a pour ſa défenſe,

79 4005 3159 263 Que les Pleurs de ſa Mere, & que ſon Innocence.

79 4169 2803 290 Et peut eſtre apres tout, en l'eſtat ou je ſuis,

72 4321 2572 263 Sa mort avancera la fin de mes ennuis.

59 4479 2968 283 Je prolongeons pour luy ma vie, & ma miſere.

59 4677 2783 250 Mais enfin ſur ſes pas j’iray revoir ſon Pere.

59 4828 3185 270 Ainſi, tous trois, Seigneur, par vos ſoins reünis,

52 4980 1161 270 Nos Cœurs....

1206 5111 1023 284 PYRRHUS.

705 5283 2394 296 Allez, Madame, allez voir voſtre Fils.

46 5434 3205 356 Peut-eſtre en le voyant, voſtre amour plus timide,

39 5619 2908 309 Ne prendra pas toûjours ſa colere pour guide.

32 5790 3054 296 Pour ſçavoir nos deſtins, j’iray vous retrouver.

46 5948 2934 389 Madame, en l’embraſſant, ſongez à le ſauver.

929 6271 1583 461 Fin du premier Acte.

2486 6712 125 264 O
