4267 7915
1083 646 1347 218 TRAGEDIE.

3157 659 244 257 153

92 890 3303 270 Ne vous ſouvient-il plus, Seigneur, quel fut

251 1028 554 225 Hector?

105 1167 2735 277 Nos Peuples affoiblis s’en ſouviennent encor.

85 1358 3191 277 Son nom ſeul fait fremir nos Veuves, & nos Filles,

99 1517 2972 290 Et dans toute la Grece, il n’eſt point de Familles,

92 1688 2814 251 Qui ne demandent conte à ce malheureux Fils,

85 1860 3131 250 D’un Pere, ou d'un Epoux, qu’Hector leur a ravis.

92 2011 3091 277 Et qui ſçait ce qu'un jour ce Fils peut entreprendre?

79 2183 3302 264 Peut-eſtre dans nos Ports nous le verrons deſcen¬

297 2361 304 198 dre,

79 2486 3078 297 Tel qu’on a veu ſon Pere embraſer nos Vaiſſeaux,

99 2671 2695 270 Et la flâme à la main, les ſuivre ſur les Eaux.

92 2869 2569 231 Oſeray-je, Seigneur, dire ce que je penſe?

99 2994 3282 343 Vous-meſme de vos ſoins craignez la recom¬

416 3165 409 251 penſe,

85 3297 2557 291 Et que dans voſtre ſein ce Serpent élevé

72 3495 2695 244 Ne vous puniſſe un jour de l’avoir conſervé.

85 3660 2576 271 Enfin, de tous les Grecs ſatisfaites l'envie,

72 3838 2616 231 Afſſurez leur vangeance, aſſurez voſtre vie.

85 3990 2735 277 Perdez un Ennemy d’autant plus dangereux,

85 4181 2893 238 Qu’il s'eſſayra ſur vous à combattre contre eux.

1248 4340 991 230 PYRRHUS.

66 4478 2536 257 La Gréce en ma faveur eſt trop inquiétée.

59 4656 2682 251 De ſoins plus importans je l’ay cruë agitée,

59 4821 2814 264 Seigneur, & ſur le nom de ſon Ambaſſadeur,

52 4979 2973 264 J'avois dans ſes projets conceu plus de grandeur.

66 5177 2728 198 Qui croiroit en effet, qu’une telle entrepriſe

66 5316 2780 264 Du Fils d'Agamemnon meritaſt l'entremiſe,

66 5507 3296 237 Qu’un Peuple tout entier, tant de fois triom¬

317 5672 436 198 phant,

72 5797 3072 264 N’euſt daigné conſpirer que la mort d’un Enfant?

72 5975 2438 225 Mais à qui pretend-on que je le ſacrifie?

79 6134 2827 230 La Gréce a-t’elle encor quelque droit ſur ſa vie?

85 6299 2755 244 Et ſeul de tous les Grecs ne m’eſt-il pas permis

72 6457 2854 343 D'ordonner des Captifs que le Sort m'a ſoumis.
