4267 7849
876 569 1362 287 TRAGEDIE.

3056 724 268 244 159

13 830 2938 288 Voulez-vous qu'un deſſein fi beau, ſi genereux,

13 1000 2951 262 Paſſe pour le tranſport d’un Eſprit amoureux?

19 1157 3181 308 Captive, toujours triſte, importune à moy-meſme,

19 1308 3155 294 Pouvez-vous ſouhaiter qu’Andromaque vous aime?

13 1478 3121 333 Quels charmes ont pour vous des yeux infortunez,

6 1661 2958 255 Qu'à des pleurs éternels vous avez condannez?

6 1818 2860 261 Non, non, d’un Ennemy reſpecter la Miſere,

6 1975 3148 320 Sauver des Mal-heureux, rendre un Fils à ſa Mere,

6 2145 3037 268 De cent Peuples pour luy combattre la rigueur,

6 2295 2755 295 Sans me faire payer ſon ſalut de mon Cœur,

13 2459 2820 314 Malgré moy, s’il le faut, luy donner un azile,

19 2629 3069 320 Seigneur, voilà des ſoins dignes du Fils d’Achille.

1210 2812 975 229 PYRRHUS.

0 2910 3154 340 Hé quoy? Voſtre courroux n’a-t’il pas eû ſon cours?

0 3126 2866 281 Peut-on haïr ſans ceſſe? Et punit-on toûjours?

6 3283 3174 281 J’ay fait des Mal-heureux, ſans doute, & la Phrygie

13 3453 2866 288 Cent fois de voſtre ſang a vû ma main rougie.

13 3603 2951 262 Mais que vos yeux ſur moy ſe ſont bien exercez!

0 3767 3298 307 Qu'ils m’ont vendu bien cher les pleurs qu’ils ont

143 3963 472 190 verſez!

4.0 4134.0 3141.0 247.0 De combien de remords m’ont-ils rendu la proye?

1.0 4292.0 3125.0 250.0 Je ſouffre tous les maux que j’ay faits devant Troye.

1.0 4462.0 2773.0 238.0 Vaincu, chargé de fers, de regrets conſumé,

3.0 4625.0 2450.0 226.0 Brûlé de plus de feux que je n’en allumé,

0.0 4788.0 3293.0 252.0 Tant de ſoins, tant de pleurs, tant d’ardeurs inquié¬

124 4925 484 229 tes...

0 5062 2761 281 Hela! fus-je jamais ſi cruel que vous l’eſtes?

13 5239 2853 268 Mais enfin, tour à tour, c’eft aſſez nous punir.

6 5402 2958 295 Nos ennemis communs devroient nous reünir.

6 5566 2749 281 Madame, dites-moy ſeulement que j’eſpere,

0 5749 2958 262 Je vous rends voſtre Fils, & je luy ſers de Pere.

10.0 5937.0 3057.0 238.0 Je l'inſtruiray moy-meſme à vanger les Troyens.

1.0 6101.0 3150.0 234.0 J’iray punir les Grecs de vos maux & des miens,

0.0 6259.0 2896.0 245.0 Animé d'un regard, je puis tout entreprendre.

0.0 6399.0 2611.0 256.0 Voſtre Ilion encor peut ſortir de ſa cendre.
